1652 2872
442 125 521 154 Pars
545 126 569 155 Ι.
613 126 734 163 Hymni
755 128 971 166 antiquissimi
994 137 1074 158 saec.
1097 128 1236 159 V.-—XJ.

370 228 428 264 13.
469 229 559 272 Quid
584 230 738 266 Daniele
765 231 808 266 de
834 241 943 275 puero
970 232 1029 275 pio

470 279 604 315 Inferre
632 292 782 325 possum,
812 293 879 327 quo
907 282 1038 318 referat
1064 283 1166 317 modo

469 332 523 366 De
550 337 666 369 monte
693 339 824 370 sectum
852 345 920 370 non
948 345 1054 379 grave
1081 334 1243 369 saxulum

469 382 640 428 Implesse
668 390 781 422 terrae
809 388 899 422 mole
925 397 989 423 sua
1015 386 1155 422 sinum?

368 509 427 545 14.
470 510 566 545 Haec
593 511 716 546 umbra
742 512 830 555 legis
858 511 965 555 gessit
993 513 1167 556 enigmata

471 562 600 597 Christi
628 563 780 607 figurans
807 564 957 608 mystica
984 573 1138 608 munera,

470 614 539 648 Sed
565 616 723 649 veritatis
751 616 828 649 luce
855 617 959 650 modo
989 616 1071 651 data

470 666 674 702 Praesentat
701 667 795 710 ipsas
824 677 880 701 res
908 677 998 702 nova
1025 669 1148 711 gratia.

365 791 424 826 15.
468 791 556 825 Nam
585 792 710 826 missus
739 792 844 826 astris
874 791 1018 826 Gabriel
1044 793 1186 836 angelus

467 843 564 877 Haec
592 847 675 878 nota
704 842 786 877 fecit
816 844 959 887 virginis
989 844 1143 888 auribus,

466 894 610 940 Semper
636 896 807 930 manentis
835 896 928 939 quod
956 896 1066 939 patris
1093 896 1230 930 unicum

465 947 619 982 Deberet
647 947 723 982 orbi
752 957 912 991 promere
939 947 1058 983 filium.

363 1072 422 1108 16.
464 1072 567 1106 Mens
597 1082 678 1116 ergo
709 1073 822 1106 dictus
852 1072 996 1106 credula
1024 1072 1110 1106 dans
1137 1072 1242 1107 fidem

463 1123 585 1158 Flatus
613 1125 755 1167 superni
782 1133 861 1159 rore
890 1125 1116 1168 propaginem

464 1176 567 1210 Certo
597 1177 730 1211 dierum
758 1180 919 1219 tempore
948 1176 1111 1220 concipit,

463 1228 571 1270 Quam
599 1239 731 1264 summa
760 1229 847 1264 caeli
880 1229 976 1273 regia
1004 1239 1071 1263 non
1100 1229 1205 1272 capit.

362 1354 419 1388 17.
461 1353 595 1388 Effeeta
622 1354 764 1388 tandem
794 1354 892 1398 virgo
919 1363 1093 1398 puerpera

462 1406 509 1440 Et
537 1407 692 1440 caritatis
721 1405 840 1441 fomite
869 1405 1006 1442 fervida

463 1458 541 1492 Non
569 1459 702 1502 sprevit
732 1459 795 1504 ire⁷
826 1459 948 1493 sedula
975 1458 1169 1502 proximam

464 1511 513 1546 Ut
540 1511 699 1546 visitaret
726 1511 909 1546 Elisabeth
942 1521 1050 1548 suam.

361 1636 418 1670 18.
461 1636 608 1672 Clausus
635 1636 806 1671 Iohannes
833 1636 955 1671 matris
982 1637 1017 1670 in
1045 1637 1188 1682 intimis,

461 1689 602 1722 Insueta
629 1690 761 1723 cunctis
789 1689 915 1732 gaudia
943 1689 1099 1733 parvulis

460 1741 552 1776 Dum
583 1750 667 1775 voce
695 1742 819 1785 nescit,
848 1741 997 1776 motibus
1025 1741 1185 1784 ingerens

461 1793 561 1829 Vatis
589 1792 698 1828 futuri
725 1793 943 1837 praetulerat
968 1794 1073 1829 vices.

359 1918 417 1955 19.
460 1919 576 1954 Mater
603 1920 796 1963 prophetae
824 1920 909 1954 talia
934 1928 1078 1954 munera

459 1971 589 2006 Mirata
619 1972 768 2016 complet
794 1972 937 2006 vocibus
964 1971 1117 2017 aethera,

461 2023 578 2067 Virgo,
608 2023 745 2059 beatam
774 2028 809 2057 te
837 2022 912 2058 fore
939 2024 1148 2068 praedicans

459 2076 558 2110 Inter
585 2079 804 2118 praestantes
831 2085 974 2110 munere
1001 2075 1160 2112 feminas.

356 2199 417 2234 20.
463 2199 516 2233 Tu
545 2199 650 2234 corde
678 2200 772 2234 tristi
800 2203 882 2234 tunc
908 2199 1034 2235 aderas
1062 2204 1132 2242 tuo,

461 2250 545 2285 Cum
574 2250 664 2285 fixus
692 2254 784 2285 esset
809 2252 845 2285 in
873 2261 987 2292 eruce,
1016 2251 1099 2294 filio,

460 2303 530 2337 Pro
557 2312 594 2336 se
622 2302 810 2338 fovendum
837 2304 896 2346 qui
925 2303 988 2337 tibi
1016 2303 1125 2337 filium

460 2354 585 2389 Carum
614 2355 755 2399 reliquit
785 2355 993 2399 discipulum
1022 2365 1133 2391 suum.

358 2468 418 2505 21.
461 2468 511 2502 Te
538 2469 750 2504 transeuntis
778 2479 846 2504 non
874 2469 976 2504 latuit
1002 2468 1070 2514 via,

461 2520 545 2554 Cum
573 2521 664 2555 nube
691 2525 810 2555 vectus
837 2519 960 2568 [esset]
989 2521 1024 2554 in
1051 2520 1204 2566 aethera,

459 2571 544 2606 Eius
574 2571 665 2607 fores
694 2583 770 2607 cum
799 2573 919 2607 addita
947 2572 1093 2606 testibus

460 2625 501 2658 In
529 2625 654 2659 montis
680 2625 742 2659 alti
771 2626 903 2659 vertice
929 2623 1112 2660 stantibuS.
