1652 2872
163 124 239 162 342
539 125 618 154 Pars
639 126 683 156 11.
724 127 907 165 Hymnodia
929 126 1220 156 Hibemo-Celtica.

166 230 226 264 19.
268 227 382 263 'restis
410 228 550 263 Domini
578 228 691 264 fidelis
913 231 973 267 21.
1014 229 1155 265 Xristus
1182 229 1280 263 illum
1308 230 1374 263 sibi
1402 229 1485 272 legit

319 279 355 313 in
381 280 456 323 lege
485 280 665 326 catholica,
1068 282 1103 315 in
1131 281 1236 314 terris
1265 280 1442 323 vicarium,

269 331 374 366 Cuius
403 331 510 366 verba
538 336 618 366 sunt
647 332 773 367 divinis
1014 333 1078 377 Qui
1108 332 1151 366 de
1179 331 1313 374 gemino
1341 331 1498 373 captivos

322 382 462 417 condita
489 383 650 428 oraculis,
1065 383 1191 418 liberat
1217 382 1371 426 servitio,

268 433 321 468 Ne
359 434 527 470 humanae
555 439 695 478 putrent
725 445 845 471 carnes
1016 437 1203 478 Plerosque
1234 434 1277 468 de
1304 433 1471 468 servitute

321 495 468 529 esaeque
494 497 516 521 a
544 487 728 530 vermibus,
1067 497 1153 530 quos
1180 486 1328 521 redemit
1355 485 1542 528 hominum,

270 537 340 572 Sed
368 538 512 572 caelesti
540 538 710 573 saliantur
1018 539 1220 573 Innumeros
1251 537 1294 572 de
1320 536 1436 571 zabuli

320 599 449 634 sapore
476 590 521 625 ad
550 590 738 627 victimam.
1068 590 1220 625 absolvit
1248 589 1410 624 dominio.

165 705 225 740 20.
267 702 383 740 Uerus
409 704 522 738 cultor
550 708 584 738 et
611 704 755 748 insignis
913 706 971 740 22.
1013 703 1147 739 Ymuos
1176 713 1251 738 cum
1280 703 1484 746 apocalypsi

319 756 394 799 agri
424 756 624 799 evangelici,
1066 756 1287 799 psalmosque
1316 758 1431 789 cantat
1459 754 1536 797 Dei,

270 807 374 842 Cuius
402 808 533 842 semina
560 807 724 842 videntur
1016 808 1175 850 Quosque
1203 807 1249 841 ad
1276 807 1531 841 aedificandum

321 859 450 894 Christi
478 859 667 903 evangelia,
1070 858 1136 893 Dei
1164 862 1293 893 tractat
1320 858 1496 905 populum,

270 912 365 955 Quae
394 910 511 945 divino
538 911 623 945 serit
651 920 711 946 ore
1017 912 1125 953 Quam
1155 911 1265 954 legem
1292 911 1329 944 in
1356 911 1511 945 trinitate

319 963 355 997 in
382 972 484 997 aures
512 963 748 1006 prudentium,
1071 963 1161 997 sacri
1191 962 1303 996 credit
1332 962 1491 1007 nominis,

267 1016 488 1059 Quorumque
516 1015 624 1049 corda
647 1024 688 1049 ac
718 1018 850 1049 mentes
1019 1014 1216 1058 Tribusque
1243 1014 1401 1058 personis
1427 1025 1531 1050 unam

320 1070 440 1102 sancto
469 1070 547 1101 arat
570 1066 709 1112 spiritu.
1074 1067 1243 1110 docetque
1271 1066 1512 1102 substantiam.

538 1181 598 1216 23.
641 1179 738 1215 Zona
765 1180 905 1215 Domini
932 1179 1152 1223 praecinctus

695 1232 815 1267 diebus
844 1242 885 1267 ac
912 1231 1071 1267 noctibus

641 1284 723 1320 Sine
749 1284 1006 1319 intermissione

692 1336 803 1371 Deum
833 1339 910 1372 orat
935 1336 1133 1378 Dominum,

643 1388 746 1423 Cuius
773 1388 925 1433 ingentis
952 1387 1083 1423 laboris

692 1445 924 1484 percepturus
952 1441 1144 1484 praemium

642 1493 727 1528 Cum
755 1493 923 1537 apostolis
952 1492 1111 1537 regnabit

693 1549 833 1580 sanctus
861 1554 967 1589 super
996 1545 1142 1581 Israhel.

247 1659 420 1698 Antiphon.
451 1669 509 1689 ms.
533 1659 755 1689 Benchorense
786 1660 862 1688 anni
893 1657 1065 1689 680—691.
1120 1659 1195 1689 Cod.
1218 1659 1422 1689 Ambrosian.
1445 1660 1470 1690 C
1492 1658 1511 1689 5
1540 1660 1592 1689 inf.

165 1702 202 1730 A.
227 1717 265 1721 —
288 1701 404 1740 Hymn.
426 1710 482 1730 ms.
508 1702 717 1731 Hibernieum
741 1707 822 1730 saec.
849 1699 895 1730 11.
918 1702 961 1730 in.
1012 1701 1088 1730 Cod.
1109 1701 1190 1730 Coll.
1207 1702 1238 1731 S.
1256 1701 1405 1731 Trinitat.
1421 1702 1593 1731 Dublinen.

165 1743 194 1772 E
224 1741 253 1772 4.
283 1740 314 1772 2.
347 1744 383 1773 B.
413 1758 454 1763 ——-
482 1743 601 1781 Hymn.
633 1753 690 1772 ms.
717 1743 927 1773 Hibernieum
959 1752 1041 1772 saec·
1075 1742 1120 1772 11.
1167 1742 1243 1772 Cod.
1267 1743 1366 1773 Conv.
1391 1744 1593 1773 Franciscan.

166 1785 338 1814 Dublinen.
368 1795 391 1814 s.
421 1795 450 1814 n.
482 1786 517 1814 C.
547 1801 587 1805 —
617 1785 748 1814 collect.
781 1794 837 1814 ms·
867 1785 1079 1814 Hibernicum
1110 1784 1271 1818 lLeabhar
1292 1784 1404 1820 Breae)
1435 1794 1516 1814 saec.
1548 1783 1594 1814 14.

167 1826 242 1856 Cod.
265 1826 362 1856 Acad.
386 1827 462 1865 Reg-
487 1827 659 1856 Dublinen.
683 1837 708 1856 5.
732 1837 760 1856 11
785 1827 824 1856 D.

252 1865 282 1897 T
283 1865 335 1898 ztel
356 1869 390 1897 in
413 1837 457 1898 Ag:
483 1870 638 1905 „Ymnum
661 1870 763 1898 sancti
787 1868 909 1898 Patrici
931 1869 1083 1907 magister
1107 1866 1293 1898 Scotorum“
1305 1880 1312 1905 ς
1336 1869 1370 1898 111
1392 1869 1434 1898 B:
1461 1869 1596 1907 „Incipit

169 1920 284 1949 ymnus
307 1911 409 1939 sancti
433 1911 563 1940 Patricii
587 1911 729 1949 episcopi
753 1908 950 1940 Scotorum&
974 1925 1014 1929 —
1036 1908 1062 1945 1,
1085 1907 1104 1939 2
1127 1913 1245 1939 mereta
1267 1910 1303 1939 A.
1327 1926 1368 1930 -—
1392 1909 1419 1945 1,
1441 1891 1475 1939 4”
1475 1910 1596 1940 Patrici

169 1942 206 1987 A,
230 1951 391 1981 bekannte
415 1951 531 1982 irische
548 1951 777 1982 Schreibweise
799 1951 850 1981 fiir
866 1952 1011 1987 Patricii,
1035 1952 1091 1981 das
1108 1949 1278 1991 dreisilbig
1293 1953 1351 1981 mit
1367 1952 1519 1989 Synizese
1533 1961 1596 1981 von

170 2005 195 2033 11
218 2014 258 2032 zu
281 2004 434 2042 sprechen
456 2005 499 2034 ist
517 2004 593 2043 (vgl.
619 2002 647 2039 5,
671 2003 716 2041 5);
746 2005 889 2043 episcupi
912 2004 948 2033 A.
971 2019 1010 2024 —
1037 2002 1070 2039 l,
1101 2003 1119 2033 6
1143 2005 1311 2033 simulatur
1333 2004 1427 2034 BCD.
1450 2019 1490 2024 —-
1513 2001 1547 2038 2,
1576 2001 1596 2032 4

171 2046 293 2075 omines
315 2046 355 2075 D.
378 2061 419 2065 —
441 2044 478 2082 2,
507 2044 526 2075 8
549 2045 807 2076 Beaehtenswert
837 2048 879 2074 ist
908 2046 959 2075 die
982 2046 1076 2075 Form
1100 2042 1362 2083 ‚‘,magnifieant‘,
1391 2045 1540 2075 wahrend
1563 2053 1596 2074 es

171 2088 204 2116 in
239 2087 294 2116 der
322 2087 463 2125 Vulgata
499 2086 715 2125 „glorificant‘
752 2087 849 2117 heisst
882 2085 957 2126 (vgl.
992 2087 1044 2116 die
1077 2067 1362 2125 diesbezugliehen
1386 2088 1491 2117 Noten
1525 2097 1595 2116 zum

171 2129 319 2166 Hymnus
338 2126 456 2166 „Altus
474 2110 899 2166 12⁷rosa102“,Nr.216).-—
915 2098 952 2164 3,
977 2126 992 2156 1
1017 2129 1078 2158 Dei
1101 2137 1208 2158 amore
1225 2128 1258 2157 C.
1281 2144 1320 2148 —-
1343 2125 1374 2165 3,
1397 2126 1417 2158 2
1432 2128 1595 2158 inmobilis

171 2170 208 2199 A.
231 2185 272 2189 —
294 2167 322 2204 3,
345 2167 366 2198 4
387 2169 516 2199 Petrum
539 2168 591 2204 A¹,
614 2170 727 2199 Petrus
751 2167 808 2207 A2·
833 2170 888 2199 der
909 2171 1127 2206 NominatiV,
1129 2167 1272 2207 ,‘Petrus‘
1297 2171 1341 2199 ist
1362 2170 1431 2200 hier
1454 2172 1523 2200 eine
1539 2170 1597 2199 Art.

172 2211 374 2240 Constructio
406 2209 490 2240 κατὰ
522 2207 674 2245 oi'zwn,
706 2211 810 2240 indem
841 2211 895 2240 der
917 2211 1114 2240 Relativsatz
1139 2221 1253 2250 „super
1275 2221 1368 2251 quem
1392 2208 1594 2242 aedificatur“

170 2252 218 2282 als
248 2252 533 2291 gleichbedeutend
565 2255 622 2282 mit
651 2253 720 2282 dem
745 2252 930 2282 Substantiv
956 2251 1232 2290 „fundamentum“
1257 2253 1427 2292 aufgefasst
1447 2253 1534 2283 wir-d.
1557 2269 1597 2272 —

171 2293 327 2323 aecclesia
342 2293 378 2328 A,
402 2294 519 2323 eclesia
535 2295 565 2322 D
586 2294 649 2330 (die
676 2294 901 2324 verschiedene
918 2293 1146 2323 Sehreibweise
1169 2303 1232 2323 von
1255 2301 1298 2325 ae
1323 2298 1400 2324 statt
1415 2302 1434 2325 e
1450 2295 1514 2324 und
1530 2304 1594 2324 um-

172 2334 304 2374 gekehrt
326 2335 407 2364 habe
430 2336 482 2364 ich
505 2336 538 2364 in
563 2335 618 2365 dei
640 2336 760 2373 Regel,
781 2336 853 2365 weil
877 2335 1054 2373 belanglos,
1076 2335 1165 2364 nicht
1186 2335 1324 2373 notiert).
1348 2352 1388 2356 »-
1411 2334 1440 2372 3,
1464 2335 1481 2365 7
1504 2338 1596 2374 porta

173 2377 218 2411 C,
248 2375 400 2405 adversus
422 2375 655 2412 BCD3z11,1'n
679 2374 853 2407 adversm
880 2377 1024 2406 alicuius‘
1047 2395 1087 2399 -
1110 2378 1236 2414 ,Γοηίια
1259 2377 1409 2415 aliquem‘
1431 2378 1494 2417 vgl.
1521 2378 1595 2407 For

173 2398 281 2448 ceiliui
304 2427 329 2447 5,
352 2427 381 2446 v.
406 2417 567 2447 adversus.
592 2434 627 2438 -
658 2416 691 2453 4,
722 2416 741 2447 3
771 2421 807 2448 ut
827 2416 916 2455 (statt
939 2417 980 2455 et)
1000 2418 1096 2447 BCD
1120 2434 1157 2438 -
1180 2417 1216 2453 4,
1242 2416 1260 2446 5
1284 2419 1329 2448 Ut
1350 2420 1394 2455 A,
1422 2419 1460 2448 de
1483 2420 1551 2449 celo
1566 2417 1597 2456 (ἔ)

174 2461 212 2489 D
235 2475 277 2479 -—-
298 2456 333 2494 4,
367 2458 384 2487 7
407 2459 644 2496 Dominamque
672 2458 767 2495 (ohne
791 2459 858 2498 qui)
879 2460 972 2490 BCD.
997 2475 1038 2478 ——
1059 2458 1094 2493 4,
1118 2457 1137 2488 8
1160 2459 1335 2488 aetheriam
1358 2441 1425 2489 Β1).
1448 2477 1489 2481 -—
1511 2459 1593 2497 5,1

173 2501 307 2530 tallenta
330 2501 369 2530 D.
400 2518 437 2521 —-
467 2499 502 2535 5,
533 2498 552 2529 3
575 2502 664 2537 Quae
695 2511 827 2530 euernas
858 2503 940 2530 inter
963 2502 1001 2530 D.
1025 2517 1064 2520 —
1087 2481 1123 2535 5,
1153 2499 1171 2528 5
1194 2501 1313 2539 Navigi
1335 2501 1393 2530 AD
1415 2501 1489 2540 (vgl.
1513 2503 1595 2531 Note

174 2552 213 2571 zu
238 2540 264 2578 1,
287 2540 325 2577 4).
350 2556 390 2562 -
406 2539 434 2576 5,
457 2540 475 2571 6
496 2522 572 2571 ⁷dum
590 2543 630 2578 C,
655 2552 747 2580 opere
764 2542 887 2572 ABCD.
911 2557 951 2562 —-
974 2540 1003 2577 5,
1025 2539 1044 2570 8
1067 2551 1123 2579 pos
1127 2551 1253 2571 sesurus
1270 2542 1338 2572 AD.
1361 2558 1400 2562 -
1417 2542 1444 2578 6,
1467 2541 1486 2573 6
1509 2543 1595 2582 plebi

175 2583 253 2612 fehlt
274 2584 313 2612 D
338 2600 377 2603 ψ
399 2581 433 2618 7,
464 2581 483 2611 3
506 2583 546 2613 ab
568 2583 751 2614 hominibus
772 2584 834 2613 Dei
856 2584 896 2612 D.
920 2599 959 2603 —
982 2581 1016 2617 8,
1039 2581 1059 2612 4
1082 2583 1259 2621 requiescet
1281 2584 1319 2612 D.
1343 2600 1383 2603 -
1405 2583 1441 2621 8
1465 2584 1483 2613 5
1505 2554 1595 2614 ipuxta

174 2625 206 2654 in
234 2625 272 2653 D.
304 2640 343 2645 ——
365 2622 399 2662 8,
426 2605 447 2655 7
473 2624 516 2654 Et
543 2627 632 2654 cuius
655 2624 714 2661 A¹,
745 2626 782 2654 In
811 2626 901 2654 cuius
924 2623 966 2653 Α2
969 2625 1070 2661 BCD;
1102 2624 1289 2654 sustendans
1312 2626 1350 2654 D.
1374 2641 1413 2646 --
1437 2624 1472 2661 9,
1500 2624 1520 2655 4
1542 2626 1593 2655 de-
