1652 2872
74 136 147 174 108
395 135 474 163 Pars
496 135 522 164 I.
566 136 687 173 Hymni
710 137 925 174 antiquissimi
950 145 1032 165 saec.
1054 136 1191 165 V.—-X1.

70 254 111 257 -—
135 235 203 273 3,1
228 236 336 265 vultus
351 237 397 272 K;
420 237 565 266 flammeo
581 237 644 267 CE.
669 254 708 259 —-
731 236 759 275 3,
783 237 802 268 2
824 240 958 268 amictus
973 237 1095 267 BCEK.
1118 252 1158 257 -
1179 235 1207 272 3,
1231 235 1250 266 3
1268 237 1323 276 dig
1325 246 1384 266 nus
1399 238 1439 266 D.
1454 252 1497 258 -

72 279 257 317 Apparuisti
279 278 317 306 L.
339 292 380 297 —-
391 259 432 311 ⁷,4
458 276 472 307 1
496 278 614 308 abditis
638 280 680 308 D·
705 295 743 299 —
766 278 793 315 4,
818 278 836 308 2
853 280 954 309 Nobis
976 282 1118 308 vetustos
1134 278 1255 314 ABCK,
1271 279 1382 308 Novus
1398 279 1437 307 D.
1454 294 1493 299 —-

71 319 132 348 Str.
155 317 173 346 5
196 317 274 347 fehlt
296 319 331 346 L.
354 334 392 338 -—-
417 299 445 354 5,
468 317 612 349 4Reiem
630 320 676 356 Κ,
700 321 852 350 caelicum
868 321 1018 350 BCEFK.
1041 335 1081 339 ——
1103 317 1132 354 6,
1155 318 1175 348 4
1195 328 1326 348 veamui
1348 319 1494 349 hac-tibus

72 361 111 388 K.
134 375 172 379 -
197 358 223 394 7,
250 358 264 387 l
290 360 375 388 Laus
397 360 436 389 E.
458 376 498 380 -—
521 359 548 395 7,
571 359 590 390 2
614 362 748 391 Aeterne
770 371 874 390 rerum
889 361 954 390 EF.
977 378 1015 382 -
1039 359 1067 395 7,
1089 358 1109 389 3
1126 360 1189 396 Qui
1211 360 1289 390 fehlt
1311 361 1352 396 F,
1377 361 1439 397 Qui
1461 371 1495 390 es

70 402 173 429 trinus
197 404 228 430 et
252 410 332 429 unus
354 401 391 430 L.
414 416 454 421 ——
477 400 505 436 7,
528 401 548 431 4
570 412 705 441 regnans
728 404 807 432 fehlt
828 404 861 431 F.

152 438 270 470 Petrus
300 439 515 477 Venerabilis,
547 443 602 472 der
625 444 803 473 manchmal
826 445 873 472 als
896 444 996 472 Autor
1017 443 1121 472 dieses
1145 443 1291 480 Hymnus
1315 442 1496 480 aufgestellt

69 481 157 518 wird,
181 484 224 511 ist
245 482 344 512 sehon
365 483 463 513 durch
486 484 542 513 das
565 485 654 514 Alter
675 485 730 514 der
753 485 886 521 Quellen
909 485 963 513 AB
986 484 1050 513 und
1075 485 1103 513 K
1126 484 1397 521 ausgeschlossen.

518 646 592 678 100.
626 647 666 678 111
691 646 840 680 Christo
864 646 1034 678 Domino.

274 743 307 777 1.
352 742 522 776 Canamus
550 751 667 775 omnes
695 742 816 775 laudes
844 741 910 775 Dei
938 740 1022 783 filio,

350 793 530 828 Caelorum
561 793 645 838 regi,
675 793 784 835 patris
814 793 1000 836 unigenito,

348 844 439 880 Vero
468 848 501 878 et
528 854 652 887 magno
680 845 760 879 Iesu
788 844 925 878 Christo
953 844 1115 879 Domino.

272 949 307 983 2.
350 946 502 981 Verbum
526 947 584 989 qui
613 956 730 980 verum
758 951 792 980 et
820 956 939 980 verum
966 946 1178 990 principium

347 998 403 1033 Ex
431 1003 531 1041 patre
558 1002 675 1032 natum
705 1001 739 1032 et
765 1001 847 1032 ante
874 998 1066 1040 luciferum,

349 1050 453 1093 Virgo
480 1050 595 1086 Maria
622 1059 741 1084 verum
769 1051 929 1093 concepit
957 1050 1142 1084 hominem.

266 1145 301 1179 3.
344 1144 466 1186 Agnus
493 1143 551 1176 hic
577 1143 643 1177 Dei
672 1147 705 1176 et
733 1152 816 1177 vera
845 1143 1025 1187 sapientia,

345 1193 417 1228 Per
443 1204 543 1238 quem
571 1199 761 1229 noscuntur
788 1204 864 1229 esse
891 1198 1008 1229 creata
1035 1195 1149 1229 omnia

348 1246 491 1282 Caelum
519 1256 584 1290 que
611 1250 707 1281 terra
735 1251 770 1280 et
797 1251 922 1282 cuncta
949 1247 1135 1283 moventia.

267 1341 304 1375 4.
351 1340 416 1382 Qui
444 1339 557 1374 caelos
585 1340 671 1383 tegit
698 1340 829 1383 angelis
859 1344 891 1374 et
919 1339 1079 1384 imperat,

347 1392 454 1426 Venit
480 1391 515 1425 in
543 1393 718 1432 mundum,
748 1396 786 1425 ut
813 1392 966 1426 salvaret
994 1392 1170 1436 populum,

349 1443 448 1478 Mitis
477 1447 510 1477 et
537 1442 640 1477 fortis
667 1445 711 1478 ad
742 1445 987 1478 conterendum
1016 1444 1186 1478 zabulum.

266 1538 305 1573 5.
350 1535 403 1570 De
431 1535 525 1570 tribu
553 1536 641 1570 Iuda
668 1536 845 1579 regalique
872 1537 1040 1582 progenie

346 1589 480 1631 Corpus
507 1588 630 1633 induit,
661 1592 699 1622 ut
725 1589 834 1622 leonis
863 1589 996 1623 catulus

341 1641 374 1674 A
401 1640 520 1674 mortis
549 1649 667 1674 somno
695 1645 891 1684 resurgeret
918 1640 1082 1678 velocius

265 1735 301 1770 6,
343 1733 457 1767 Multa
485 1737 519 1767 et
545 1744 670 1776 magna
697 1732 780 1767 fecit
806 1734 992 1776 mirabilia,

343 1785 485 1819 Sanavit
512 1786 630 1828 plures
659 1796 679 1820 a
707 1787 818 1820 saevis
849 1786 1039 1831 doloribus,

345 1837 497 1880 Depuliv
518 1837 656 1872 morbos
684 1842 717 1871 et
745 1838 926 1872 suscitavit
953 1842 1117 1876 mortuos.

266 1932 305 1967 7.
348 1931 413 1965 Via
440 1935 472 1965 et
500 1931 572 1966 vita
600 1941 641 1965 ac
667 1931 839 1975 propheta
867 1932 1016 1975 optimus

342 1983 477 2026 Deique
504 1994 611 2026 agnus
639 1984 775 2026 pollens
803 1987 935 2027 septem
965 1984 1139 2030 cornibus,

344 2034 393 2069 Ut
420 2035 599 2078 legislator
625 2035 801 2078 praedixit
830 2036 998 2080 egregius

265 2129 301 2164 8.
343 2127 484 2162 Occisus
513 2128 648 2161 demum
676 2127 811 2170 perfido
839 2138 859 2162 a
886 2129 1014 2171 populo

345 2178 391 2212 Et
420 2179 494 2212 sine
523 2179 625 2221 culpa
652 2179 802 2213 traditus
830 2180 988 2222 patibulo

345 2229 441 2264 Unus
470 2240 533 2272 pro
560 2230 677 2264 multis
706 2231 857 2273 suscepit
885 2231 1122 2275 opprobrium.

268 2324 305 2359 9.
350 2323 511 2357 Redemit
538 2334 617 2357 suos
645 2324 884 2368 iam-peccato
912 2329 1075 2369 mortuos,

344 2374 412 2408 Pro
440 2373 564 2417 quibus
593 2374 684 2409 fudit
712 2386 808 2410 suum
838 2377 914 2420 pius
943 2378 1153 2422 sanguinem,

351 2426 503 2459 Mortem
532 2432 694 2471 suscepit,
724 2433 761 2461 ut
789 2439 850 2462 nos
878 2428 923 2462 ad
953 2428 1056 2462 vitam
1085 2429 1237 2464 duceret.

240 2518 300 2556 io.
345 2519 460 2552 Morte
489 2519 635 2553 contrita
661 2520 723 2554 sub
752 2521 842 2564 pede
869 2521 1050 2555 Dominico

346 2570 519 2604 Praedam
547 2572 709 2613 perduxit
737 2573 781 2606 ad
810 2573 959 2606 caeleste
987 2572 1158 2615 gaudium,

348 2621 465 2655 Fortis
493 2623 649 2656 ascendit
677 2633 753 2656 cum
782 2624 895 2657 choris
924 2623 1102 2667 angelicis.
