1652 2872
168 129 243 166 346
540 130 618 158 Pars
642 131 683 159 11.
728 131 909 168 Hymnodia
932 130 1223 160 Hiberae-Celtica.

171 242 231 261 nur
261 232 320 261 den
350 229 610 269 (Ir'ezstrophiqen
633 231 816 271 Abschluss
845 235 933 263 eines
960 234 1076 286 langen
1100 232 1278 262 Abeeedars
1301 232 1430 262 bildete
1474 228 1593 260 Ferner

171 273 300 302 wurden
331 274 371 301 im
404 277 622 311 sogenannten
648 275 757 311 „Book
787 275 821 304 of
840 272 988 313 Mulling‘
989 272 1087 309 (cfr.
1115 270 1256 303 Bernard
1279 274 1311 310 Ι,
1341 282 1412 312 pag.
1436 273 1514 302 XXI
1537 272 1594 312 sq.)

171 325 234 343 von
269 314 431 343 mehreren
462 315 611 352 Hymnen
643 325 703 344 nur
733 316 784 346 die
814 314 882 346 ἄνει
912 284 1198 353 sslgzlufiestrophen
1228 324 1284 344 zur
1313 315 1495 343 Rezitation
1523 323 1594 343 vor-

170 356 388 394 geschrieben,
411 356 549 385 namlich
572 365 633 385 von
650 354 716 394 H
706 365 840 395 Jnmum
863 355 949 388 dzcat
964 355 1060 386 turba
1078 354 1241 394 fr¹⁴atrum
1257 355 1323 393 (Nr.
1341 353 1453 393 214),
1455 352 1596 393 ‚Celebra

171 395 277 426 Ιιιᾱα“
301 398 368 434 (Νι-
392 395 464 433 234)
486 397 550 426 und
577 379 674 436 ηΝοῖι
694 399 792 435 pater
813 396 996 437 1·n‹1ulqere“
1021 399 1086 433 (Nr.
1110 395 1191 434 219)

643 561 718 594 253.
752 561 792 593 In
816 561 937 594 sancti
960 560 1132 594 Patr-icti.

169 667 204 702 1.
245 666 349 711 Eece,
380 665 489 710 fulget
517 667 709 701 clarissima
945 670 979 703 6.
1021 667 1078 701 Ad
1107 665 1197 701 hane
1226 665 1348 700 doctor
1377 665 1534 709 egregius

245 718 390 754 Patricii
417 718 642 761 sollemnitas,
1020 718 1221 753 Adveniens
1248 717 1420 753 Patricius

245 771 283 804 In
313 780 380 813 qua
409 779 512 805 carne
541 770 699 813 deposita
1022 769 1253 804 Praedicabat
1280 769 1479 814 gentilibus,

247 821 348 856 Felix
376 822 593 856 transcendit
621 822 748 856 sidera.
1020 821 1118 864 Quod
1147 821 1288 855 tenebat
1315 821 1490 864 operibns.

171 937 205 971 2.
247 935 312 979 Qui
340 945 418 969 mox
447 945 467 969 a
494 934 645 978 pueritia
947 937 980 971 7.
1023 933 1226 971 Confluebat
1253 934 1430 978 gentilitas

246 987 374 1022 Divina
402 987 525 1030 plenus
553 987 667 1030 gratia
1021 988 1079 1022 Ad
1108 987 1180 1021 eius
1209 991 1329 1021 saneta
1356 987 1487 1021 monita

249 1039 363 1073 Vitam
394 1039 509 1083 eoepit
537 1039 682 1082 diligere
1022 1039 1069 1074 Et
1098 1048 1265 1082 respuens
1295 1038 1472 1073 diabolum

248 1091 437 1134 Dignitatis
466 1091 655 1135 angelicae.
1025 1091 1171 1126 Colebat
1199 1100 1314 1134 regem
1343 1091 1507 1134 omnium,

172 1207 204 1241 3.
248 1205 316 1240 Hic
345 1203 441 1239 felici
469 1206 634 1249 prosapia
948 1207 982 1243 8.
1026 1205 1276 1249 Gaudebatque
1304 1215 1342 1240 se
1369 1204 1515 1240 liberam

247 1257 358 1292 Natus
387 1260 440 1292 est
467 1257 502 1292 in
530 1258 706 1292 Brittania
1026 1258 1212 1292 Remeasse
1238 1257 1284 1292 ad
1314 1257 1475 1301 patriam,

248 1310 488 1353 Perceptoque
516 1309 725 1352 baptismate
1025 1311 1099 1352 Qua
1127 1309 1301 1353 serpentis
1328 1310 1457 1344 astutia

247 1361 371 1396 Studet
398 1361 444 1396 ad
472 1362 544 1396 alta
571 1361 726 1398 tendere.
1023 1361 1113 1397 Olim
1143 1362 1287 1405 expulsa
1315 1360 1440 1397 fuerat.

168 1479 203 1513 4.
247 1476 316 1511 Sed
347 1475 540 1511 futurorum
568 1477 746 1520 praescius
942 1480 977 1513 9.
1020 1478 1253 1521 Quapropter,
1283 1476 1510 1522 dilectissimi,

248 1529 407 1564 Clemens
436 1533 470 1562 et
498 1534 624 1572 rector,
653 1530 833 1573 Dominus,
1020 1529 1132 1564 Huius
1158 1529 1194 1563 in
1223 1529 1326 1564 laude
1351 1529 1521 1572 praesulis

246 1581 348 1615 Hunc
377 1581 503 1615 direxit
532 1581 726 1624 apostolum
1021 1581 1214 1615 Psallamus
1258 1580 1397 1616 Christo
1439 1580 1598 1615 cordibus

246 1633 436 1667 Hiberniae
465 1633 509 1667 ad
537 1634 715 1677 populum.
1020 1634 1246 1668 Alternantes
1274 1637 1306 1667 et
1337 1633 1486 1676 vocibus,

171 1750 205 1782 5.
249 1747 337 1781 Erat
365 1756 510 1790 namque
538 1747 623 1780 haec
650 1746 763 1781 insula
921 1747 980 1783 10.
1024 1746 1071 1782 Ut
1098 1746 1192 1780 illius
1220 1746 1383 1791 suffragio

249 1799 354 1832 Bonis
382 1803 497 1833 terrae
525 1797 718 1842 fructifera,
1022 1799 1180 1833 Liberati
1207 1808 1228 1833 a
1254 1798 1340 1833 vitio

252 1851 320 1885 Sed
350 1850 482 1884 cultore
510 1851 661 1885 idolatra
1025 1850 1251 1886 perfruamur
1278 1851 1313 1884 in
1341 1850 1452 1894 gloria

250 1902 476 1946 Mergebatur
503 1903 548 1937 ad
577 1902 704 1938 infima.
1024 1903 1169 1938 visione
1197 1903 1365 1946 angelica.

547 2018 606 2053 11.
650 2017 743 2051 Laus
772 2018 817 2051 sit
844 2018 949 2060 patri,
979 2017 1025 2051 sit
1052 2016 1123 2051 filio

649 2070 732 2103 Cum
761 2069 887 2112 spiritu
914 2069 1094 2113 paraclito,

650 2122 713 2162 Qui
743 2130 825 2155 suae
855 2121 944 2154 dono
971 2121 1104 2163 gratiae

650 2172 815 2206 Misertus
845 2176 895 2205 est
924 2172 1125 2208 Hiberniae.

258 2286 374 2322 Hymn.
407 2283 970 2314 111·.Hibernicum.·aec.11.in.
1022 2285 1208 2315 Col.Coll
1233 2287 1264 2315 S
1287 2286 1596 2316 Trinit.Dubli11en.

173 2327 200 2356 E
233 2326 262 2356 4.
294 2325 323 2355 2.
355 2327 390 2355 Α.
422 2343 459 2346 —
491 2326 663 2365 Antiphon.
694 2337 740 2355 ms
744 2327 985 2357 .Kilmonense
1015 2337 1095 2356 saec
1129 2326 1175 2356 15.
1223 2327 1299 2357 (jod,
1323 2327 1403 2357 Coll.
1427 2328 1459 2357 S
1482 2327 1596 2356 Trinit.

174 2369 350 2398 Dublinen.
372 2369 397 2396 B
423 2367 449 2396 1.
473 2367 500 2397 5
525 2368 559 2396 B.
584 2383 622 2387 —
649 2367 681 2401 1
713 2366 731 2396 2
755 2377 774 2397 a
797 2368 873 2397 fehlt
897 2370 933 2398 Β.
957 2383 996 2388 —
1020 2366 1052 2400 ΜΞ
1089 2368 1214 2398 Oltus
1238 2370 1280 2405 Β,
1308 2369 1476 2398 Britannia
1498 2370 1533 2397 B
1557 2385 1597 2388 ——

174 2409 209 2445 3,
243 2408 263 2438 4
305 2409 344 2438 ad
374 2409 453 2438 fehlt
482 2410 516 2438 Β.
547 2425 587 2428 —-
614 2408 651 2445 4,
685 2408 704 2438 2
733 2414 762 2439 et
793 2413 897 2439 rectus
928 2411 964 2439 B.
993 2425 1032 2429 —-
1063 2385 1098 2445 5
1133 2408 1152 2438 3
1183 2410 1342 2447 ydolatria
1371 2410 1407 2439 Β.
1438 2425 1475 2430 --
1507 2410 1596 2440 Naeh

175 2453 248 2480 Sti-0
252 2451 313 2490 phe
336 2449 354 2480 5
377 2448 512 2479 Dim-10
529 2452 563 2480 B
587 2466 626 2469 —
649 2450 677 2485 6,
700 2449 719 2480 3
742 2452 915 2490 gentilibus
939 2451 1058 2490 korrig.
1083 2461 1122 2480 zu
1143 2452 1292 2489 gentibus
1315 2452 1350 2480 Β.
1373 2468 1413 2470 -
1437 2450 1464 2487 7,
1488 2449 1507 2480 3
1529 2452 1596 2481 dia-

175 2493 283 2522 bulum
308 2493 343 2521 A.
367 2508 401 2513 -—
424 2490 452 2527 8,
476 2491 494 2520 2
517 2492 669 2521 Remease
695 2494 729 2521 B.
754 2509 790 2512 --
815 2492 843 2529 8,
867 2491 885 2521 -3
907 2493 1052 2522 hastueia
1078 2494 1110 2522 B.
1134 2510 1174 2513 -—
1197 2490 1225 2528 8,
1248 2491 1267 2522 4
1290 2492 1387 2521 Ollim
1405 2493 1441 2522 A.
1465 2509 1503 2513 —
1526 2491 1555 2528 9,
1577 2492 1596 2522 4

177 2534 372 2563 Alternando
397 2535 429 2562 in
452 2534 485 2562 Β.
514 2550 537 2552 --
577 2532 623 2568 11,
649 2533 662 2562 1
689 2536 769 2572 patri
794 2536 826 2563 in
850 2535 915 2564 filio
941 2535 975 2562 B.
1000 2550 1037 2554 —
1064 2533 1109 2567 11,
1134 2532 1152 2559 2³·
1175 2543 1231 2563 suo
1255 2534 1337 2563 dono
1361 2535 1394 2563 B.

262 2575 440 2605 Auffallend
472 2576 513 2604 in]
537 2576 714 2612 Gegensatz
744 2585 781 2604 zu
813 2576 897 2605 allen
926 2575 1063 2605 anderen
1092 2576 1146 2604 lat.
1174 2575 1376 2613 Dichtungen
1400 2575 1595 2605 Alt-Irlands

178 2619 230 2653 ist,
254 2617 323 2646 dass
346 2615 373 2646 ii
396 2616 485 2645 nicht
501 2627 539 2645 zu
556 2618 565 2645 i
583 2616 781 2646 kontrahiert
796 2619 846 2652 ist,
870 2617 911 2646 da
928 2614 1097 2653 „Patricii“
1114 2617 1154 2651 (1,
1177 2615 1207 2651 2)
1222 2614 1384 2656 viersilbig
1400 2617 1596 2656 gesproehen
