1652 2872
99 167 172 203 104

106 271 139 304 3.
182 269 267 311 Rex,
300 267 446 308 Christe,
476 271 594 302 nostra
617 267 780 312 firmitas,

103 616 135 650 1.
181 614 251 649 Sub
281 616 385 650 caelis
413 625 523 658 aquae
551 614 737 658 confluunt,

102 884 137 918 [Ο

420 165 498 193 Pars
522 165 547 194 1.
590 165 711 201 Hymni
736 166 951 204 antiquissimi
973 175 1055 195 saec.
1077 166 1213 194 V.—-XI.

179 319 231 352 Tu
259 323 370 351 motus
398 318 512 352 carnis
538 318 660 352 cohibe

182 370 323 411 Nosque
350 369 384 402 in
410 369 510 404 bonis
538 369 664 403 robora

179 420 275 454 Dans
299 420 442 463 pietatis
469 421 641 464 spiritum.

175 666 300 701 Virens
328 673 474 710 apparet
503 667 613 709 arida,

174 718 233 753 Fit
261 719 445 761 paradisus
473 718 612 753 Domini

176 768 289 804 Saecli
317 771 451 804 dierum
478 770 590 804 tertio.

177 884 303 917 Aetate
331 883 436 917 saecli
463 882 568 916 tertia

175 934 304 968 Gentes
333 935 368 968 in
396 935 466 968 ritu
494 939 628 978 coeunt,

175 985 302 1020 Sancta
330 986 439 1029 surgit
468 986 638 1028 plantatio

174 1037 336 1072 Hebraea
367 1047 449 1080 gens
478 1038 513 1071 in
541 1037 710 1080 patribus

174 1234 270 1270 Caeli
299 1239 488 1277 perornant
516 1243 688 1268 cameram

171 1286 342 1321 Mundum
371 1286 487 1320 calore
515 1290 712 1329 temperans

173 1337 244 1381 Sol,
273 1338 355 1372 luna
383 1348 458 1372 cum
487 1338 660 1373 sideribus

173 1390 307 1434 Quarto
337 1391 468 1424 dierum
497 1390 637 1425 saeculi.

172 1504 299 1538 Aetate
327 1509 450 1547 quarta
478 1504 607 1538 saeculi

175 1555 282 1598 Regni
312 1557 420 1590 virtus
448 1555 611 1590 Davidici

173 1607 256 1642 Cum
286 1618 461 1652 synagoga
488 1608 676 1652 splenduit,

172 1658 290 1694 Sancti
319 1660 511 1703 prophetae
540 1660 689 1696 radiant.

178 1857 297 1891 Iussae
324 1857 521 1900 producunt
548 1857 675 1900 reptile

176 1910 298 1951 Aquae
326 1909 474 1943 viventis
502 1909 647 1951 animae,

177 1961 271 2001 Quae
300 1961 403 2002 colos,
433 1971 539 2004 aquas
565 1966 744 2003 permeant

175 2012 304 2056 Quinto
335 2012 468 2047 dierum
497 2013 637 2047 saeculi.

175 2126 303 2159 Aetate
331 2126 449 2168 quinta
478 2126 618 2168 saeculi,

177 2177 307 2210 Iudaea
335 2187 400 2219 qua
429 2186 511 2219 gens
540 2178 687 2219 exsulat,

175 2228 310 2262 Partim
338 2238 374 2261 se
403 2229 523 2261 miscet
551 2229 722 2272 gentibus,

177 2279 307 2313 Partim
336 2289 396 2323 spe
425 2280 539 2313 caelos
568 2280 712 2316 habitat.

177 2474 288 2508 Homo
314 2473 468 2508 facturae
497 2475 657 2509 conditae

176 2526 373 2560 Plasmatur
401 2526 503 2560 decus
531 2527 646 2560 nobile

180 2577 341 2611 Divinam
369 2577 415 2611 ad
443 2578 623 2620 imaginem

176 2629 277 2663 Sexto
309 2629 439 2662 dierum
469 2630 608 2665 saeculi.

776 533 841 567 111.

845 269 880 302 4.
922 268 976 303 Sit
1001 268 1151 302 trinitati
1177 268 1298 310 gloria,

924 319 1054 361 Virtus,
1083 319 1203 363 honor,
1232 318 1389 362 victoria,

923 369 1030 411 Quam
1059 380 1120 404 sua
1147 370 1291 404 laudant
1319 378 1425 412 opera

923 418 965 455 In
993 421 1208 455 saeculorum
1235 421 1384 455 saecula.

872 643 878 651 .
921 615 1018 649 Fons
1047 616 1147 659 vitae,
1178 615 1278 649 nobis
1305 614 1452 649 influens

919 666 1095 700 Virtutum
1123 667 1255 709 quadro
1283 667 1428 714 tramitej

921 717 1002 751 Tibi
1029 727 1091 751 nos
1119 718 1256 752 hortum
1283 717 1412 760 perfice

923 769 1070 803 Sanctae
1097 769 1186 803 dono
1214 769 1391 804 scientiae.

871 911 879 919 .
925 883 978 917 Sit
1005 882 1155 916 trinitati
1182 883 1304 927 gloria,

923 933 1055 977 Virtus,
1083 934 1203 975 honor,
1233 935 1389 976 victoria,

922 985 1031 1027 Quam
1059 995 1120 1019 sua
1147 985 1291 1020 laudant
1318 996 1425 1029 opera

923 1037 964 1071 ln
992 1038 1206 1071 saeculorum
1235 1039 1383 1073 saecula.

867 1264 874 1271 .
917 1234 989 1277 Sol,
1019 1235 1169 1280 Christe,
1198 1245 1258 1269 nos
1286 1236 1418 1269 irradia

918 1286 1013 1321 Dans
1043 1287 1133 1321 dona
1161 1287 1393 1331 fortitudinis,

918 1338 1080 1382 Tuusque
1107 1339 1239 1373 candor
1266 1338 1372 1373 faciat

917 1390 1099 1425 Ministros
1126 1391 1223 1425 verbi
1251 1391 1466 1435 splendidos.

867 1531 874 1539 .
920 1504 971 1538 Sit
999 1504 1148 1539 trinitati
1175 1504 1296 1549 gloria,

919 1557 1051 1601 Virtus,
1080 1557 1202 1597 honor,
1231 1555 1388 1600 victona,

920 1610 1029 1651 Quam
1057 1619 1118 1642 sua
1145 1608 1289 1643 laudant
1318 1618 1424 1651 opera

919 1661 960 1695 In
989 1660 1205 1695 saeculorum
1233 1660 1381 1696 saecula.

870 1886 878 1894 .
921 1858 1070 1902 Christe,
1097 1858 1239 1892 verbum
1265 1857 1415 1903 volatile,

919 1910 1045 1955 Piscis,
1074 1910 1176 1944 homo
1203 1910 1267 1944 sub
1293 1915 1458 1952 tempore,

920 1962 1035 1996 Verbo
1063 1963 1238 2005 sacrisque
1265 1971 1429 2004 promove

919 2014 1002 2048 Alto
1029 2019 1105 2047 tuos
1133 2014 1288 2049 consilio.

872 2156 879 2162 .
919 2127 971 2161 Sit
999 2127 1148 2162 trinitati
1174 2128 1294 2171 gloria,

924 2179 1053 2223 Virtus,
1083 2179 1202 2222 honor,
1233 2179 1389 2224 victoria,

921 2231 1029 2273 Quam
1058 2241 1119 2265 sua
1146 2232 1291 2265 laudant
1319 2240 1426 2273 opera

918 2283 958 2316 In
987 2283 1202 2316 saeculorum
1231 2283 1380 2318 saecula.

868 2506 874 2513 .
919 2481 1043 2512 Aetate
1070 2482 1169 2512 sexta
1195 2477 1325 2511 saeculi

919 2529 1089 2572 Christus,
1119 2529 1224 2564 decus
1250 2528 1426 2573 ecclesiae,

916 2582 996 2614 Iure
1023 2578 1221 2622 praefertur
1247 2579 1404 2613 omnibus

920 2631 1034 2665 Patris
1055 2632 1166 2673 imago
1194 2631 1337 2673 genitus.
