1652 2872
109 118 158 155 96
437 118 515 146 Pars
538 118 563 147 Ι.
607 118 728 155 Hymni
751 121 966 158 antiquissimi
988 129 1071 150 saec.
1094 121 1231 149 V.-XI.

110 226 143 257 5.
188 222 239 256 Tu
265 226 342 255 esto
371 226 524 255 nostrum
553 223 727 269 gaudium,
860 227 896 261 6.
937 224 1057 259 Gloria
1084 223 1159 262 tibi,
1188 223 1346 266 Domine,

184 273 247 314 Qui
277 282 312 306 es
345 271 481 307 futurus
506 275 720 317 praemium;
935 275 1000 317 Qui
1028 275 1165 309 scandis
1191 284 1296 317 super
1323 274 1450 317 sidera,

186 324 239 358 Sit
266 329 390 358 nostra
417 325 453 358 in
481 328 515 359 te
544 326 655 368 gloria
935 328 1019 362 Cum
1048 331 1148 369 patre
1176 330 1209 360 et
1237 328 1357 360 sancto
1385 326 1513 368 spiritu

183 377 252 410 Per
280 381 408 410 cuncta
435 385 572 420 semper
599 377 749 412 saecula.
934 379 974 412 In
1004 378 1215 419 sempiterna
1242 377 1390 411 saecula.

187 478 242 506 AB
263 476 301 513 (C
323 476 413 514 fehlt)
435 479 522 507 D—-I
545 478 585 514 (K
607 479 697 514 fehlt)
717 480 780 508 LM
801 478 841 515 (N
865 479 953 513 fehlt)
975 478 1059 514 OPQ
1074 478 1114 512 (N
1136 477 1227 513 fehlt)
1249 478 1536 514 S—a=Quellen

106 520 160 548 des
182 518 463 557 vorhergehenden
486 521 633 557 Hymnus
660 518 815 558 „Aeteroze
844 527 901 548 rea:
929 516 1118 548 altissime“.
1146 534 1186 538 ——
1208 519 1320 548 DEFa
1346 519 1417 548 sind
1447 521 1538 549 nicht

103 561 335 590 kollationiert.

187 600 221 638 2,
247 601 261 630 1
285 603 387 630 vincit
408 603 450 630 H.
473 617 513 621 -—
535 600 563 638 2,
589 600 607 630 2
630 602 674 631 Ut
697 606 805 630 nostra
828 603 924 630 ferres
949 602 981 630 S.
1003 616 1044 621 —-
1065 598 1093 635 3,
1119 599 1134 628 1
1160 604 1305 638 penetras
1329 602 1364 630 T.
1388 617 1427 621 -
1449 600 1485 637 3,
1516 601 1534 632 ‘2

104 644 238 673 redimes
256 643 294 679 Q.
318 659 358 663 —
380 641 409 678 3,
432 642 452 672 4
474 643 635 672 dexteram
656 643 724 674 SU:
749 643 868 671 resides
884 640 1018 672 GLPZ2.
1041 657 1080 661 —
1103 640 1133 677 4,
1156 640 1174 670 2
1197 642 1328 671 sufferas
1344 643 1380 677 A,
1405 653 1537 681 superas

102 687 134 713 S.
165 700 204 705 -—
226 684 263 720 4,
294 682 313 713 3
336 685 498 713 Parcendo
523 685 608 713 votis
631 685 692 719 1L;
722 688 753 712 et
775 686 858 712 votis
882 683 918 719 S?
949 687 1134 721 compotens
1157 683 1194 719 Q.
1216 699 1255 702 —
1278 682 1313 718 4,
1336 682 1357 712 4
1380 687 1478 714 satias
1502 686 1533 716 S.

102 743 143 747 —
165 726 255 756 Nach
280 727 341 756 Str.
365 725 385 754 4
407 726 463 755 hat
484 726 511 754 A
534 725 585 754 die
609 727 841 754 interessanten
866 725 1023 762 Strophen
1047 725 1226 763 eingefiigt:

165 779 254 813 Iube,
276 778 456 815 redemptor
479 778 633 811 omnium,
853 776 1026 805 Discordes
1050 776 1090 805 ad
1113 777 1315 806 concordiam

166 821 371 857 Hungrorum
396 819 481 848 mala
504 820 623 847 conteri
854 815 930 856 [Tu]
952 827 1101 847 revocare
1123 818 1274 856 digneris,

163 862 206 890 Et
227 861 322 889 laude
346 861 393 889 tui
418 861 558 889 nominis
854 859 898 888 Ut
920 868 982 897 pax
1005 869 1060 898 per
1084 869 1175 888 omne
1199 860 1359 889 saeculum

162 903 228 932 Nos
254 902 342 931 solve
366 911 384 930 a
407 901 568 939 periculis.
859 901 909 929 Sit
930 901 1000 929 laus
1023 901 1056 929 in
1079 911 1133 930 ore
1156 910 1338 939 pauperum.

185 954 246 984 Str.
270 953 288 982 5
311 953 388 982 fehlt
413 953 495 982 SYZ.
520 968 560 972 —-
583 952 614 987 5,
636 951 654 981 2
677 953 816 981 futurum
835 952 1007 981 GILMPT.
1032 968 1073 972 ——
1095 951 1121 986 5,
1146 952 1166 981 4
1188 956 1301 982 cuncta
1324 955 1384 983 tibi
1407 956 1535 985 saecula

98 997 146 1032 A,
177 998 293 1025 cuncta
322 995 392 1023 laus
423 998 454 1023 et
485 994 614 1023 saecula
635 994 688 1023 IL.
713 1010 754 1013 —
776 992 957 1031 Doxologie
979 993 1057 1022 fehlt
1078 995 1229 1031 BILMQ:
1259 996 1293 1023 in
1315 995 1376 1025 den
1398 996 1534 1026 anderen

99 1037 235 1074 Quellen
262 1045 322 1065 nur
351 1036 406 1065 der
430 1034 456 1064 1.
480 1036 577 1069 Vers,
609 1036 686 1065 aber
715 1036 750 1064 in
772 1036 803 1064 H
837 1035 1041 1073 vollstandig.
1065 1050 1104 1055 —-
1127 1037 1154 1065 A
1175 1035 1231 1064 hat
1253 1036 1334 1066 nach
1357 1038 1418 1067 Str.
1442 1037 1460 1066 5
1482 1038 1532 1068 die

99 1079 239 1108 Rubrik:
274 1078 331 1115 „In
359 1077 476 1115 hymno
500 1077 710 1107 Pentecosten
739 1077 872 1112 (konnte
903 1076 971 1105 also
995 1077 1077 1106 auch
1098 1077 1147 1106 fiir
1170 1077 1334 1116 Pfingsten
1354 1080 1534 1109 verwendet

97 1120 253 1156 werden):

226 1162 299 1195 Hic,
324 1159 460 1194 Christe,
484 1169 569 1188 nunc
591 1159 765 1197 paraclitus
785 1158 789 1196 Ι
809 1160 871 1189 Per
893 1163 923 1188 te
946 1161 1018 1196 pius
1041 1169 1099 1189 nos
1121 1161 1233 1190 visitet

223 1203 340 1232 Terrae
363 1211 549 1239 novansque
570 1201 683 1230 faciem
705 1200 708 1237 Ι
728 1201 838 1240 Culpis
862 1201 994 1230 aborsos
1015 1200 1046 1238 (l.
1071 1202 1252 1240 absorptos)
1275 1206 1404 1233 recreet.

181 1255 243 1284 Die
271 1253 457 1293 liturgische
490 1253 712 1291 Verwendung
740 1253 796 1282 des
819 1253 968 1291 Hymnus
999 1253 1124 1282 betreffs
1155 1254 1210 1284 der
1231 1255 1363 1294 Tagzeit
1391 1256 1433 1285 ist
1460 1255 1535 1285 sehr

49 1291 54 1296 ’
96 1296 314 1326 verschieden.
341 1311 381 1315 —
403 1296 450 1324 Im
470 1295 609 1334 jetzigen
634 1292 833 1324 Ro'mischen
854 1293 992 1323 Brevesser
1015 1295 1104 1324 dient
1125 1306 1159 1325 er
1181 1296 1231 1324 fiir
1252 1297 1303 1326 die
1325 1297 1446 1335 Vesper
1467 1298 1530 1326 und

97 1338 148 1367 die
164 1338 301 1373 Laudes,
323 1337 380 1366 hat
402 1337 480 1366 aber
502 1338 554 1365 ein
577 1337 640 1366 fast
662 1337 764 1375 vollig
786 1334 1172 1366 verandertes²Aussehen
1194 1337 1353 1375 erhalten3
1377 1348 1411 1367 so
1431 1339 1531 1368 lautet

97 1380 149 1410 die
174 1379 200 1408 1.
225 1379 379 1417 Strophe:

344 1418 475 1450 Salutis
498 1419 663 1449 humanae
687 1421 789 1455 sator,
809 1421 813 1455 l
832 1421 916 1455 Iesu⁷
938 1420 1086 1459 voluptas
1109 1420 1261 1452 cordium.

346 1462 442 1492 Orbis
469 1462 622 1500 redempti
646 1462 791 1491 eonditor
811 1459 815 1500 l
834 1461 878 1491 Et
901 1466 989 1491 casta
1012 1462 1066 1491 lux
1089 1463 1274 1492 amantium.

181 1515 242 1544 Die
274 1515 408 1553 librigen
442 1514 601 1552 Strophen
631 1514 737 1543 lassen
766 1513 847 1543 noch
878 1518 975 1543 etwas
1005 1515 1113 1543 besser
1142 1514 1198 1543 das
1224 1514 1368 1553 Original
1398 1514 1529 1544 wieder-

97 1556 269 1586 erkennen.

536 1680 590 1712 90.
624 1679 667 1710 In
689 1679 910 1711 Ascensione
933 1679 1094 1712 Domini.

397 1777 429 1813 1.
472 1777 579 1810 Astra
606 1777 765 1819 polorum
793 1788 814 1807 a
845 1785 949 1818 super
976 1775 1135 1810 ascendit

474 1827 643 1871 Christus,
673 1829 718 1862 ad
746 1828 856 1872 patris
884 1839 906 1858 ἦε
938 1828 1116 1862 dexteram
1143 1827 1279 1870 sedens,

475 1879 597 1913 Victor
629 1884 661 1913 et
689 1884 810 1914 auctor
836 1892 858 1911 κ
890 1884 1008 1914 noster
1034 1879 1172 1922 ubique.

396 1987 429 2019 μ’)

473 1984 623 2027 Idcirco,
653 1983 789 2029 fratres
820 1996 841 2015 κ
872 1983 1013 2026 pangite
1041 1983 1148 2017 melos

473 2036 564 2070 Huic
594 2035 668 2069 Deo
696 2040 826 2078 nostro,
856 2046 878 2066 ÷÷
907 2040 946 2069 ut
973 2044 1166 2069 mereamur

475 2087 651 2121 Scandere
679 2091 805 2130 mente,
832 2099 854 2118 ÷÷
886 2097 952 2129 quo
979 2091 1093 2120 manet
1122 2087 1208 2130 ipse.

398 2191 431 2225 3.
476 2189 600 2224 Gloria
627 2189 728 2223 simul
755 2202 776 2221 δε
807 2191 899 2234 patri
928 2191 1074 2233 perenni

475 2241 538 2281 Sit,
567 2240 640 2274 filio
669 2238 744 2288 [sit]
775 2254 796 2273 κ
828 2241 1035 2284 spirituique

475 2292 576 2327 Almo
607 2292 748 2336 Deoque
775 2305 797 2324 ÷÷
828 2303 965 2336 semper
992 2294 1027 2327 in
1055 2303 1188 2327 aevum.

180 2406 275 2442 Trop.
309 2408 340 2432 et
372 2405 490 2442 Hymn.
524 2414 581 2433 ms.
615 2404 874 2439 Rhenoviensel?
903 2404 1124 2444 Sangallense)
1156 2414 1235 2434 saec.
1272 2403 1318 2434 11.
1353 2406 1395 2433 in.
1447 2403 1525 2434 Cod.

96 2448 242 2476 Turicen.
265 2445 365 2475 Rhen.
388 2444 437 2475 97.
454 2447 490 2474 A.
513 2461 553 2466 —-—
569 2446 686 2483 Hyrnn.
710 2456 766 2475 ms.
784 2446 1037 2485 Sangallenseff)
1058 2455 1141 2475 saec.
1164 2445 1211 2475 11,
1249 2446 1325 2475 Cod.
1343 2446 1525 2475 Berolinen.

95 2489 190 2517 VIlI¹>y
221 2486 247 2515 1.
280 2488 314 2516 Β.
343 2502 381 2506 -
412 2488 503 2516 Brev.
532 2497 588 2516 ms.
617 2488 790 2517 Altahense
819 2497 901 2517 saec.
932 2487 1010 2517 ¹¹l12.
1035 2488 1114 2517 Chn.
1136 2488 1302 2516 Monaeen.
1332 2485 1422 2516 96:33.
1452 2486 1522 2515 add.

97 2539 178 2558 saec.
214 2528 261 2558 12.
285 2529 319 2558 C.
349 2544 390 2547 -
412 2529 504 2557 Brev.
527 2538 584 2557 ms.
610 2529 851 2567 Pruvningense
875 2538 955 2558 saec.
981 2527 1029 2559 12.
1053 2529 1130 2558 Clm.
1153 2528 1318 2557 Monacen.
1342 2526 1458 2557 27037.
1481 2528 1523 2557 D.

98 2588 137 2592 —
159 2571 271 2599 Diurn.
297 2573 328 2598 et
350 2569 466 2607 Hymn.
491 2580 546 2597 ins.
572 2570 817 2600 Scheftlariense
840 2580 921 2599 saec.
947 2568 994 2599 12.
1011 2570 1089 2599 Clm.
1106 2571 1271 2598 Monacen.
1297 2567 1411 2598 17024.
1426 2569 1465 2598 Ε.
1483 2586 1521 2590 —

98 2613 190 2641 Brex'.
220 2621 274 2639 ms
306 2611 337 2640 S.
368 2611 455 2639 Petri
485 2611 738 2649 salisburgensis
769 2621 850 2641 saec.
883 2610 930 2640 12.
979 2611 1054 2640 Cod.
1083 2611 1200 2639 Petrin.
1230 2619 1248 2638 a
1277 2610 1306 2638 V
1334 2608 1383 2639 24.
1416 2611 1450 2640 F.
1481 2625 1521 2631 —-
