1652 2872
523 153 560 181 B.
592 153 713 190 Hymni
735 152 774 182 de
796 153 952 191 Tempore
974 154 1109 192 Proprii.
1462 158 1529 194 101

104 256 143 290 7.
187 256 336 291 Intende
364 257 453 289 votis
480 255 672 299 supplicum
852 257 886 291 8.
929 256 1098 300 Dignatus
1127 259 1219 292 idem
1248 260 1351 294 hodie

187 307 266 341 Tibi
293 316 385 341 nunc
412 307 670 349 suspirantium,
929 308 1125 344 Terrestria
1153 311 1313 355 invisere,

187 358 254 392 Per
280 368 380 401 quem
409 358 524 392 devoti
552 359 699 401 gemitus
929 359 1105 394 Formasti
1132 372 1243 396 mores
1271 363 1445 397 hominum

185 410 357 443 Parantur
384 409 451 443 Dei
479 409 631 445 auribus.
930 411 1123 454 Exemplar
1149 414 1194 447 ad
1224 415 1434 452 caelestium.

415 523 448 557 9.
494 521 679 565 Splendor,
708 523 783 556 laus
812 523 922 557 virtus
951 523 1016 557 tibi
1039 524 1096 569 sit,

493 573 576 607 Cum
605 579 705 618 patre
732 584 798 618 par
825 579 860 608 et
887 574 971 617 filio,

493 624 669 667 Sacrator,
699 630 817 660 sancte
845 627 998 672 spiritus,

493 677 562 710 Per
590 678 805 712 saeculorum
834 679 984 715 saecula.

162 790 163 793 ’
186 790 384 819 Proeession.
407 799 464 819 ms.
490 789 699 827 Sangallense
723 784 805 820 saec}
830 788 877 819 12.
917 791 992 820 Cod.
1017 792 1201 831 Sangallen.
1224 791 1295 822 360.
1317 793 1356 822 A.
1380 809 1419 813 —
1441 795 1535 832 Trop.

98 841 160 861 ms,
177 831 384 870 Sangallense
407 840 489 861 saec.
516 829 595 860 1⁰l11.
633 833 709 862 Cod.
734 832 917 870 Sangallen.
941 831 1011 862 382.
1035 834 1106 863 add.
1123 843 1205 864 saec.
1225 833 1270 863 13.
1287 833 1357 867 (mit
1372 836 1535 873 Neumen).

96 874 138 902 B.
161 889 201 893 —
223 873 278 902 cfr.
302 873 460 908 Canisius‚
484 874 570 902 Lect.
595 875 703 913 Antiq.
726 875 764 909 V,
790 873 849 904 766
873 874 937 903 und
960 873 1029 907 759,

507 1047 561 1080 94.
595 1049 648 1081 De
671 1048 905 1081 sanctissima
928 1049 1125 1082 Trinitate.

668 1113 724 1142 Ad
754 1111 977 1152 Vespeffras.

101 1208 136 1243 1.
182 1208 209 1242 Ο
237 1210 460 1241 sacrosancta
486 1207 635 1251 trinitas,
850 1209 884 1243 2.
930 1208 979 1242 Te
1007 1217 1107 1242 mane
1136 1208 1238 1243 simul
1267 1217 1422 1252 vespere,

183 1259 276 1302 Quae
305 1263 427 1293 cuncta
456 1259 610 1293 condens
629 1259 783 1302 ordinem,
928 1260 977 1294 Te
1005 1263 1107 1294 nocte
1136 1264 1170 1293 et
1200 1260 1257 1294 die
1286 1261 1461 1304 canimus3

182 1311 282 1345 Diem
312 1310 424 1345 labori
454 1311 625 1358 deputans
928 1312 981 1346 Tu
1008 1312 1044 1345 in
1072 1316 1132 1345 tua
1160 1322 1221 1346 nos
1251 1313 1361 1356 gloria

182 1363 327 1397 Noctem
356 1363 464 1406 quieti
493 1363 644 1408 dedicas,
928 1364 998 1398 Per
1027 1368 1151 1398 cuncta
1179 1374 1281 1398 serva
1308 1368 1479 1407 tempora.

414 1478 448 1512 3.
492 1477 648 1523 Praesta,
678 1487 805 1520 parens
834 1477 999 1521 piissime,

490 1529 645 1574 Praesta,
676 1529 831 1572 parentis
857 1529 967 1572 unice,

492 1581 575 1616 Cum
605 1582 731 1624 spiritu
755 1581 926 1625 paraclito

489 1633 587 1667 Aevo
616 1633 734 1667 vivens
762 1633 958 1668 intermino.

179 1746 274 1784 Trop.
297 1750 328 1775 et
351 1746 468 1783 Hymn.
493 1756 548 1774 1115.
571 1746 793 1776 Rhenoviense
817 1755 899 1775 saee-
926 1744 972 1774 11.
996 1747 1039 1775 in.
1084 1747 1160 1776 Cod.
1184 1747 1332 1776 Turioen.
1356 1748 1456 1777 Rhen.
1479 1747 1517 1777 97

97 1788 132 1816 A.
162 1802 202 1807 —
230 1788 323 1816 Brev.
353 1797 410 1816 ms.
439 1787 694 1817 Emmeramense
724 1797 807 1817 saec..
839 1785 918 1817 ¹3x'14.
964 1788 1042 1817 Clm.
1071 1789 1238 1817 Monaeen.
1273 1788 1387 1818 14741.
1422 1791 1456 1819 Β.
1488 1806 1528 1809 -

97 1829 208 1858 Dium.
233 1839 290 1858 1115.
312 1829 555 1858 Benedictinum
576 1827 757 1865 (Bavariae)
779 1838 861 1858 saec.
887 1828 934 1858 14.
972 1830 1049 1859 Cod.
1072 1830 1260 1859 Altovaden.
1278 1832 1316 1860 X.
1333 1831 1367 1860 C.
1391 1847 1430 1850 -—
1457 1831 1482 1865 1,
1508 1830 1522 1860 1

97 1879 188 1899 sacra
213 1874 323 1899 sancta
345 1871 381 1899 A.
405 1886 445 1890 —-
469 1869 502 1905 1,
525 1868 544 1899 3
568 1871 661 1899 Diem
683 1873 793 1900 vocari
815 1872 850 1899 B.
874 1886 914 1890 —
939 1870 966 1906 1,
988 1870 1008 1899 4
1030 1872 1135 1909 quiete
1159 1871 1201 1900 A:
1226 1872 1376 1901 dedicans
1401 1874 1464 1903 BC.
1487 1889 1526 1892 —

92 1910 132 1949 2,
164 1911 179 1941 1
209 1913 335 1950 vesperi
356 1912 393 1940 A.
423 1927 463 1931 —
489 1910 523 1946 2,
553 1909 572 1940 2
594 1912 637 1941 Et
659 1916 749 1941 noete
773 1912 835 1942 BC.
858 1927 899 1932 -—
920 1910 957 1947 3,
988 1911 1003 1941 1
1028 1913 1161 1942 Praesta
1184 1917 1273 1950 pater
1296 1914 1356 1943 Bc.
1380 1930 1419 1933 —
1444 1912 1477 1949 3,
1508 1913 1527 1943 2

98 1954 218 1982 Parens
240 1954 381 1991 parentis
407 1954 440 1982 A.
465 1970 505 1973 —
527 1951 555 1988 3,
582 1953 602 1983 4
623 1955 734 1993 vigens
757 1953 820 1983 BC.
844 1970 883 1973 —

509 2128 564 2160 95.
598 2129 651 2161 De
675 2129 908 2161 sanctissima
931 2129 1127 2161 Trinitate-

359 2226 391 2260 1.
434 2224 461 2259 Ο
490 2228 591 2266 pater
618 2229 751 2268 sancte,
781 2226 874 2260 mitis
903 2229 1006 2268 atque
1033 2225 1104 2270 pie,

433 2276 461 2311 O
490 2276 569 2310 Iesu
598 2277 746 2322 Christe,
777 2277 827 2311 fili
855 2277 1066 2320 venerande,

436 2327 699 2371 Paraclitusque
728 2329 870 2372 spiritus
899 2339 919 2363 o
946 2329 1052 2372 alme,

611 2380 711 2427 Deus·
735 2384 888 2416 aeterne.

359 2484 396 2519 2.
437 2483 590 2517 Trinitas
619 2487 743 2518 sancta-
768 2484 948 2526 unitasque
975 2482 1090 2529 firma,

439 2534 560 2568 Deitas
589 2544 687 2578 vora,
716 2535 852 2568 bonitas
879 2535 1060 2577 immensa,

440 2586 516 2619 Lux
543 2587 759 2630 angelorum,
790 2587 882 2620 salus
910 2587 1147 2629 orphanorum

618 2639 772 2680 Spesque
801 2642 1015 2681 cunctorum.
