1652 2872
85 144 136 181 92
415 143 493 172 Pars
514 144 539 172 I.
582 144 701 181 Hymni
724 145 939 184 antiquissimi
962 154 1045 174 saec.
1068 145 1204 173 V.—XI.

87 249 123 283 3.
168 246 229 281 Cui
258 247 348 280 latro
375 255 455 279 mox
483 250 521 280 ut
550 247 712 292 credidit,
837 250 870 284 6.
912 249 1039 283 Gavisa
1069 247 1243 282 Christum
1267 245 1404 287 accipit,

165 298 289 332 Sedem
319 297 455 331 beatam
484 299 653 341 percipit3
916 300 1026 334 Deum
1055 298 1210 333 vorando
1237 307 1274 331 se
1300 300 1412 341 necat,

167 349 307 382 Cunctis
335 358 466 383 sacram
496 359 591 391 spem
615 351 771 396 contulit,
913 350 1118 393 Quaerendo
1133 350 1298 392 praedam
1318 348 1450 390 praeda
1467 347 1519 390 fit,

165 400 255 433 Dum
284 400 374 433 latro
403 410 532 444 poenas
563 401 690 444 effugit.
917 402 1063 436 Glutivit
1093 401 1216 445 ipsum,
1245 410 1312 442 quo
1341 400 1453 442 perit3

86 515 122 548 4.
167 512 246 546 Vita
275 518 355 546 ante
388 523 451 556 per
479 514 608 558 lignum
637 514 752 557 periit,
838 516 870 550 7.
914 515 1041 548 Escam
1070 513 1217 556 putavit,
1243 522 1336 545 mors
1365 511 1443 554 fuit,

163 563 265 597 Nunc
297 564 371 598 vita
408 575 471 607 per
498 566 628 608 lignum
658 565 769 608 viget3
914 566 1003 599 Dum
1032 565 1110 607 plus
1139 564 1244 606 cupit,
1274 573 1311 596 se
1339 563 1517 608 perdidit;

162 615 238 649 Hoc
264 625 327 658 per
361 626 496 650 crucem
523 617 617 651 Deus
646 616 769 659 refert,
913 617 1000 650 Vult
1027 616 1120 650 unde
1147 615 1314 657 praedam
1342 624 1489 659 sumere,

162 667 231 701 Per
258 677 401 710 pomum
427 669 540 702 Adam
569 669 660 711 quod
689 678 769 710 per·
915 668 1040 702 Clauso
1068 671 1212 700 necatur
1239 670 1388 709 gutture.

615 719 716 756 didit.

84 833 120 866 5.
162 831 319 874 Decepta
346 842 437 866 mors
471 837 521 865 est
550 832 692 875 optime,
835 833 870 866 8.
913 831 1063 874 Captiva
1090 831 1231 874 plorant
1259 834 1404 874 tartara,

161 883 230 917 Ars
259 888 333 917 arte
363 884 458 917 vieta
488 883 630 926 corruit,
911 883 1046 926 Erepta
1074 883 1224 925 gaudent
1253 883 1358 918 milia.

161 935 266 977 Quae,
295 935 325 968 si
353 935 492 969 solebat
521 935 653 980 tollere,
911 934 974 977 Qui
1005 938 1124 968 nostra
1152 934 1258 968 solvis
1289 934 1436 980 vincula,

161 987 193 1020 A
221 996 257 1020 se
285 987 395 1030 ligata
426 986 603 1024 reddidit:
914 986 1059 1028 Dextra,
1089 996 1307 1029 quaesumus,
1336 986 1459 1023 libera.

166 1109 296 1138 Collect.
321 1112 352 1137 et
375 1110 492 1147 Hymn.
516 1119 572 1137 ms.
597 1109 629 1138 S.
653 1109 823 1137 Maximini
846 1109 1046 1138 Trevirensis
1071 1118 1154 1138 saec.
1179 1107 1226 1138 10.
1265 1108 1341 1137 Cod.
1357 1110 1515 1140 Treviren.

79 1148 151 1179 592.
174 1150 210 1179 A.
242 1166 282 1170 -
304 1152 421 1187 Hymn.
454 1160 511 1178 ms.
536 1149 778 1179 Severinianum
803 1159 885 1179 saec.
910 1147 990 1179 ¹⁰l11.
1036 1150 1112 1180 Cod.
1136 1151 1283 1179 Vatican.
1309 1149 1399 1180 7172.
1421 1152 1455 1180 B.
1478 1168 1518 1172 —

82 1193 200 1229 Hymn.
223 1202 280 1220 ms.
306 1192 455 1220 Farfense
481 1201 562 1221 saec.
589 1190 667 1221 ¹⁰(11.
711 1191 788 1221 Cod.
810 1192 958 1221 Turicen.
982 1191 1082 1221 Rhen.
1105 1190 1155 1220 91.
1179 1192 1213 1221 C.
1243 1207 1276 1211 -
1299 1190 1328 1227 2,
1351 1190 1370 1220 2
1391 1192 1515 1222 laudem

80 1234 117 1263 C.
148 1249 187 1253 —
211 1231 238 1262 3.
266 1232 280 1262 1
306 1234 367 1270 Qui
392 1234 434 1269 B,
467 1233 567 1262 credit
592 1234 626 1262 C.
651 1249 690 1252 —
713 1231 747 1268 3,
780 1230 800 1261 2
824 1234 918 1262 beata
941 1234 983 1269 B,
1016 1234 1157 1271 percepit
1178 1235 1215 1262 A.
1238 1249 1278 1252 ——
1300 1231 1330 1269 3,
1353 1231 1372 1262 3
1395 1243 1516 1263 sacrum

81 1276 229 1313 spiritum
254 1275 391 1303 contulit
413 1276 449 1304 B.
472 1290 512 1294 —
534 1273 563 1310 4,
587 1274 607 1304 4
629 1275 690 1303 Per
712 1284 807 1313 poma
831 1275 913 1312 quod
934 1276 1035 1304 Adam
1051 1276 1088 1304 A.
1113 1289 1152 1294 *-
1177 1272 1205 1310 6,
1229 1272 1248 1304 3
1271 1275 1418 1313 praedam
1441 1276 1519 1305 fehlt

80 1317 115 1346 C.
141 1331 180 1336 —
203 1314 238 1349 6,
264 1315 285 1345 4
308 1317 414 1354 ipsum
438 1317 560 1352 coperit
581 1317 614 1346 C.
639 1332 680 1336 —
701 1314 736 1351 8,
760 1315 779 1345 3
803 1316 873 1352 Quo
897 1317 960 1346 AC.
984 1332 1025 1336 ——
1047 1314 1081 1351 8,
1102 1314 1122 1345 4
1145 1318 1327 1355 Dextraque
1351 1326 1459 1346 sumus
1480 1318 1517 1351 B,

80 1358 201 1387 Dextra
235 1359 377 1387 favemus
401 1358 437 1386 A.
474 1375 499 1378 —
531 1359 569 1387 In
591 1360 617 1388 B
648 1356 744 1397 folgt:
777 1356 1016 1395 „Quaesumus“
1046 1357 1111 1395 (cfr.
1136 1359 1190 1387 Nr.
1221 1355 1277 1393 83,
1308 1358 1369 1388 Str.
1401 1357 1430 1396 7)
1450 1359 1513 1387 und

83 1399 213 1437 „Gloria
235 1400 294 1429 tibi
320 1397 476 1428 Domine“
500 1399 802 1438 (Osterdoxologie),
827 1401 860 1428 in
884 1399 907 1429 C
929 1400 981 1429 die
1004 1400 1199 1438 Doxologie:

328 1441 441 1471 Gloria
463 1443 547 1479 patri
571 1443 713 1480 ingenito
734 1438 738 1479 1
760 1443 954 1480 Semperque
977 1443 1143 1480 unigenito

329 1483 431 1512 Simul
454 1493 525 1512 cum
548 1486 657 1512 sancto
683 1485 797 1521 spiritu
818 1482 821 1520 Ι
841 1484 879 1512 In
903 1485 1097 1521 sempiterna
1120 1484 1258 1513 saecula.

162 1525 234 1563 Vgl.
250 1525 343 1553 Anal.
360 1526 478 1562 Hymn.
494 1525 568 1560 XII,
591 1522 640 1558 29,
657 1535 705 1554 wo
728 1525 780 1554 die
796 1525 972 1554 bedeutend
989 1525 1122 1554 kiirzere
1137 1526 1230 1554 Form
1247 1525 1351 1554 dieses
1366 1525 1512 1563 Hymnus

77 1564 191 1636 (nur22
218 1565 388 1604 Strophen)
410 1566 581 1605 mitgeteilt
603 1567 654 1595 ist.
678 1582 717 1586 —
744 1567 789 1596 Zu
815 1566 841 1602 1,
864 1565 883 1595 4
906 1567 960 1595 cfr.
981 1567 1073 1596 Anal.
1091 1568 1209 1604 Hymn.
1226 1567 1342 1603 XLIX,
1365 1567 1420 1596 Nr.
1443 1565 1515 1601 550,

78 1607 141 1636 Str.
193 1617 220 1637 a.

518 1751 571 1783 87.
607 1752 646 1783 In
670 1752 890 1784 ascensione
914 1751 1075 1784 Domini.

656 1816 710 1844 Ad
741 1816 792 1845 Ve
804 1825 954 1854 speras.

84 1933 119 1966 1.
163 1931 310 1974 Optatus
339 1931 429 1966 votis
458 1932 609 1965 omnium
831 1933 865 1966 4.
908 1931 973 1965 Est
999 1932 1153 1965 elevatus
1181 1931 1330 1965 nubibus

163 1982 326 2016 Sacratus
356 1983 472 2016 illuxit
501 1983 588 2025 dies,
907 1983 955 2017 Et
983 1993 1079 2026 spem
1106 1981 1188 2017 fecit
1218 1982 1453 2026 credentibus,

161 2035 235 2076 Quo
245 2033 413 2076 Christus,
427 2035 547 2069 mundi
558 2044 648 2077 spes,
658 2034 763 2077 Deus,
908 2035 1081 2078 Aperiens
1110 2035 1323 2078 paradisum,

162 2086 372 2121 Conscendit
399 2086 512 2120 caelos
540 2088 679 2131 arduos,
904 2088 1011 2130 Quem
1040 2086 1250 2129 protoplasti
1279 2087 1485 2120 clauserant.

82 2201 118 2234 2.
163 2199 367 2233 Ascendens
394 2199 429 2233 in
457 2200 563 2234 altum
584 2199 761 2242 Dominus,
829 2202 862 2237 5.
906 2202 932 2236 Ο
962 2201 1094 2244 grande
1122 2200 1255 2234 cunctis
1283 2199 1458 2243 gaudium,

161 2250 344 2293 Propriam
372 2251 417 2284 ad
445 2251 564 2284 sedem
585 2261 760 2295 remean53
905 2253 1003 2294 Quod
1032 2256 1152 2295 partus
1182 2257 1322 2286 nostrae
1350 2251 1494 2294 virginis

164 2301 294 2336 Gavisa
322 2306 401 2336 sunt
429 2302 515 2336 caeli
544 2311 650 2345 regna
905 2304 989 2338 Post
1004 2308 1116 2349 sputa,
1139 2302 1259 2347 flagra,
1276 2306 1355 2346 post
1370 2311 1506 2336 crucem

162 2353 293 2387 Reditu
320 2354 499 2396 unigeniti.
906 2355 1075 2390 Paternae
1101 2355 1177 2389 sedi
1205 2355 1376 2398 iungitur!

82 2469 117 2503 3.
164 2467 294 2509 Magno
323 2466 496 2509 triumpho
525 2467 648 2509 proelii
830 2470 863 2504 6.
907 2470 1059 2512 Agamus
1087 2477 1168 2510 ergo
1196 2467 1326 2510 gratias

164 2518 290 2552 Mundi
317 2522 497 2560 perempto
525 2518 692 2561 principe,
907 2519 1057 2553 Nostrae
1085 2518 1205 2553 salutis
1226 2517 1374 2559 vindici,

160 2569 275 2604 Patris
305 2573 532 2612 praesentans
561 2570 712 2604 vultibus
907 2571 1073 2604 Nostrum
1100 2570 1193 2613 quod
1221 2579 1346 2612 eorpus
1374 2569 1508 2603 vexerit

159 2621 326 2655 Victricis
357 2621 470 2654 carnis
497 2621 643 2664 gloriam
909 2622 1096 2656 Sublimem
1124 2621 1169 2655 ad
1197 2620 1285 2654 caeli
1312 2620 1453 2662 regiam.
