1652 2872
423 140 600 181 Appendix.
623 156 664 160 ——
685 141 722 169 B.
753 141 833 169 Tres
854 139 966 178 hymni
988 140 1147 178 Anonymi
1171 140 1354 179 Augiensis.

424 249 459 284 4.
501 246 559 281 Sic
584 245 647 280 illa
674 254 817 289 prorsus
846 245 982 280 exstitit
1008 247 1158 281 omnium

399 1935 458 1970 10.

398 2217 460 2254 11.

397 2487 456 2522 12.

502 297 712 340 Contagione
738 296 852 331 libera
879 297 1046 340 sordium,

500 350 590 384 Dum
619 348 787 392 spiritalis
816 349 933 394 gratia
959 349 1099 383 luminis

500 401 638 436 Prolem
667 400 800 434 creavit
828 400 901 434 eius
928 400 965 434 in
993 401 1135 436 intimis,

500 526 547 559 Et
575 524 777 568 cataclysmi
807 524 887 558 dum
916 525 1081 560 violentia

500 577 618 611 Terris
646 577 820 611 inundans
848 577 1014 620 perderet
1041 577 1167 620 omnia,

499 628 641 663 Arenae
667 628 820 663 natantis
848 629 908 662 ille
937 639 1046 672 capax
1075 630 1169 663 sinus

499 681 564 715 Est
591 684 669 716 octo
697 681 786 717 vivis
814 681 944 715 auxilio
974 681 1093 724 datus3

500 806 702 841 Praesentis
730 815 841 850 aquae
868 806 1006 840 lubrica
1033 807 1164 842 saeculi

499 858 766 902 Supernatando
794 858 924 902 remige
951 859 1059 893 nobili

500 911 596 946 Haec
622 911 734 946 instar
762 911 888 945 archae
915 911 1019 946 stella
1046 913 1152 945 maris
1179 912 1250 956 pia,

499 964 636 998 Mentes
664 963 811 1007 pudicas
840 963 933 998 vexit
962 964 1008 998 ad
1035 964 1190 998 aethera.

499 1088 587 1123 Tum
615 1087 836 1131 patriarchae
856 1087 1043 1131 praeputii
1069 1099 1154 1122 earo

499 1140 676 1175 Truncata
704 1141 875 1183 quondam
906 1141 1049 1174 vulnere
1076 1142 1192 1176 saucio

500 1193 658 1236 Signavit
686 1195 766 1226 ante
794 1192 988 1236 virgineum
1015 1193 1120 1226 decus

502 1245 657 1278 Terrena
687 1248 842 1279 mactans
870 1245 1026 1279 membra
1052 1245 1217 1281 reatibus,

502 1370 670 1413 Flagrare
699 1378 844 1404 cernens
873 1372 908 1403 et
934 1370 1077 1414 Moyses
1105 1371 1233 1405 rubum

502 1422 617 1456 Nullis
646 1422 807 1456 adustum
837 1421 969 1456 viribus
997 1422 1126 1465 ignium

502 1475 645 1509 Partum
673 1474 808 1509 notavit
834 1474 979 1517 virginis
1006 1474 1163 1508 inclitum

502 1525 607 1561 Nullo
636 1526 730 1561 virili
758 1527 913 1570 germine
941 1526 1130 1562 conditum.

503 1652 662 1687 Summus
691 1651 856 1687 sacerdos
883 1651 1095 1686 Israhelitici

504 1704 630 1739 Coetus
658 1705 788 1746 Aaron,
817 1704 912 1738 iussa
940 1714 1086 1747 sequens
1115 1705 1193 1751 Dei,

503 1757 545 1791 In
572 1755 660 1791 aede
687 1765 787 1791 sacra
814 1755 894 1790 fixit
921 1756 1128 1801 amyydMa,

505 1809 600 1851 Quae
628 1818 706 1843 mox
734 1808 868 1853 recepit
895 1809 1078 1844 frondibus
1102 1809 1234 1855 obsita3

500 1933 566 1968 His
594 1943 676 1977 ergo
703 1934 801 1968 miris
829 1934 939 1969 maius
968 1937 1001 1968 et
1030 1934 1096 1968 hoc
1123 1933 1200 1982 fuit,

499 1986 647 2021 Florens
673 1986 765 2029 quod
793 1996 836 2021 ex
864 1996 901 2020 se
928 1986 1026 2030 virga
1054 1996 1158 2020 nuces
1186 1988 1278 2029 tulit,

500 2039 637 2073 Prolem
665 2038 788 2073 beatae
816 2039 960 2082 virginis
988 2038 1161 2079 indicans,

499 2091 592 2133 Quae
623 2091 707 2125 vicit
733 2101 852 2126 omnes
876 2101 1017 2125 munere
1047 2089 1205 2126 feminas.

501 2216 602 2251 Felix
629 2216 750 2251 Isaias
778 2217 838 2250 ille
866 2216 933 2250 Dei
961 2217 1083 2251 videns

499 2268 617 2302 Aehaz
644 2269 785 2312 tyranni
813 2267 908 2303 facta
933 2269 1148 2312 redarguens

499 2320 736 2354 Emmanuelis
763 2319 962 2364 praecinuit
988 2330 1113 2355 novam

498 2372 554 2406 Ex
581 2376 692 2407 matre
720 2376 817 2407 casta
844 2372 1045 2415 progeniem
1074 2373 1204 2408 datam.

499 2486 582 2529 Quis
607 2487 781 2520 Ieremiae
810 2486 904 2520 dicta
931 2486 1069 2520 silentio

501 2538 541 2572 In
569 2538 686 2572 laudis
713 2539 814 2572 huius
842 2541 1041 2581 praetereat
1067 2538 1155 2582 loco,

501 2590 566 2631 Qui
594 2588 818 2632 praeferebat
847 2589 971 2632 dogma
998 2590 1254 2636 propheticum,

500 2641 798 2676 circumdedisset
826 2641 955 2676 femina
982 2641 1074 2684 quod
1107 2641 1245 2677 virum?

1527 141 1600 179 247
