1652 2872
513 152 556 181 H.
587 152 636 181 De
658 150 795 180 Sanctis.
818 166 858 170 —-
880 150 929 180 De
952 160 975 179 s.
999 151 1165 182 Michaele.
1471 150 1546 188 333

122 252 267 281 coetibus
296 253 366 282 DE.
391 270 427 274 —
451 253 488 289 9,
521 253 535 283 1
559 253 714 286 Michael‚
744 257 779 282 tu
808 253 968 282 intercede
990 254 1052 284 BC.
1075 271 1116 275 ——-
1137 253 1173 290 9,
1202 254 1221 284 2
1250 255 1398 285 amabilis
1421 255 1483 284 BC.
1507 271 1547 275 —

123 291 170 327 10,
196 290 210 321 1
235 293 262 322 O
285 296 428 332 patrone,
451 305 509 325 nos
531 295 662 325 defende
685 294 746 324 BC.
770 310 810 313 —
843 292 889 329 10,
914 292 933 322 2
955 297 1018 324 tuis
1042 297 1104 325 BC.
1129 312 1166 317 -—
1193 295 1239 331 10,
1262 296 1282 326 4
1304 306 1484 334 premamur
1506 296 1546 325 ab

119 333 190 363 DE.
220 351 260 355 —
292 333 346 369 11,
378 334 393 364 1
424 337 539 366 Sancte
566 336 698 367 Gabriel
727 336 841 364 assiste
872 336 934 364 BC.

968 352 1002 355 —
1036 336 1088 371 13,
1119 337 1133 367 1
1165 340 1206 367 sit
1235 339 1293 368 tibi
1325 339 1392 367 Deo
1422 337 1483 367 BC.
1507 353 1547 358 —

122 373 169 409 13,
193 373 212 404 3
235 375 373 414 Compar
395 379 452 407 tibi
478 389 530 416 pn.
546 378 609 407 BC.
625 393 666 396 —
681 377 757 406 Man
780 377 872 410 sieht,
897 378 955 406 wie
972 379 996 406 B
1019 388 1047 406 u.
1066 379 1099 408 C.
1122 379 1342 418 gleichmassig
1363 379 1547 409 abweichen

118 417 314 446 namentlich
337 418 435 447 durch
458 419 674 457 Abiinderung
696 427 729 446 in
752 417 877 446 direkte
899 418 1032 448 Anrede.

568 560 643 592 249.
678 560 720 592 In
743 560 865 593 sancti
888 561 1094 594 Michaelis.

145 647 177 683 1.
219 644 480 690 Archangelum
495 646 618 680 mIrum
629 656 802 691 magnum,
895 650 928 682 9.

272 698 480 732 Michaelem
508 698 665 739 militem,

220 749 314 784 Miro
344 748 479 792 fulgore
508 749 696 792 fulgentem

273 812 479 836 veneramur
505 812 712 845 principem,

145 909 178 942 2.
222 905 320 941 Bene
349 906 526 940 conditum
555 917 575 940 a
603 908 677 941 Deo
868 909 925 944 10.

273 958 318 992 ad
347 968 531 1002 supernam
559 960 716 1004 gloriam,

221 1010 319 1045 Bene
349 1014 610 1053 cognoscentem
640 1011 749 1045 Deum

273 1072 436 1106 suamque
466 1066 674 1099 creaturam.

145 1168 178 1202 3.
222 1164 328 1201 Cuius
358 1167 442 1206 vita,
472 1167 568 1201 cuius
602 1167 722 1210 virtus,
870 1169 929 1203 11.

273 1218 370 1253 cuius
397 1223 509 1253 status
538 1219 685 1260 stabilis,

221 1268 327 1306 Cuius
353 1275 507 1314 potestas
535 1283 554 1305 a
583 1272 658 1305 Deo

273 1333 406 1366 magna,
437 1323 666 1360 admirabilis.

142 1430 177 1463 4.
222 1426 317 1461 Deus
347 1428 445 1461 dedit
471 1428 680 1462 Michaelem
870 1429 928 1465 12.

272 1480 501 1523 principalem
530 1483 718 1524 pastorem,

219 1529 316 1565 Deus
344 1531 441 1565 illum
470 1533 645 1566 ordinavit

272 1583 445 1618 hominum
476 1588 720 1628 protectorem.

142 1689 176 1722 5.
218 1687 362 1722 Electus
390 1690 494 1730 atque
521 1692 738 1723 constructus
867 1690 925 1724 13.

270 1739 410 1774 Domini
439 1740 637 1783 prudentia,

217 1791 385 1826 Elec-atus
413 1802 454 1825 ac
480 1790 656 1828 formatus

270 1844 337 1878 Dei
364 1844 547 1888 sapientia.

142 1949 175 1984 6.
216 1946 442 1983 Fortitudine
470 1949 596 1983 bellica
868 1951 927 1986 14.

272 2001 503 2035 consternatis
533 2001 680 2035 celebris

218 2053 288 2086 Pro
316 2053 427 2086 salute
454 2053 656 2096 triumphali

270 2104 479 2148 humanique
506 2107 654 2149 generis,

140 2208 174 2245 7.
218 2206 377 2245 Gloriam
407 2209 472 2243 Dei
502 2210 678 2244 contendit
867 2212 925 2246 15.

269 2271 344 2295 cum
373 2271 539 2305 perverso
569 2262 722 2304 ductore,

217 2315 302 2348 Cum
329 2313 412 2359 olim
441 2314 672 2348 altercaretur

271 2365 314 2399 de
333 2365 491 2409 Moysico
517 2375 675 2411 corpore,

141 2470 176 2505 8.
218 2468 324 2503 Hanc
335 2469 506 2514 nimirum,
519 2480 619 2512 quam
632 2470 848 2512 praeclaram
865 2470 923 2505 16.

269 2521 459 2555 continebit
486 2521 644 2565 gloriam,

220 2573 305 2606 Cum
333 2577 488 2606 conteret
516 2573 756 2607 antichristum

270 2632 335 2665 per
361 2624 484 2659 miram
512 2625 704 2660 victoriam.

971 647 1016 682 In
1046 650 1200 682 exercitu
1228 649 1413 694 caelorum,

1024 701 1057 734 in
1088 701 1254 734 virtutum
1283 702 1418 743 agmine

970 752 1092 786 Nonne
1122 751 1231 796 fulget
1258 753 1387 786 Michel
1417 754 1522 787 mirus

1022 804 1255 847 pulcherrimo
1283 804 1436 838 ardore?

968 907 1101 943 Kastro
1135 909 1308 942 caelorum
1338 912 1548 949 constructo,

1023 960 1160 994 devicto
1190 960 1340 1000 diabolo,

970 1013 1067 1046 Tunc
1105 1011 1252 1055 fulgebit
1283 1012 1413 1046 Michel
1443 1013 1550 1046 mirus

1023 1074 1098 1098 cum
1127 1064 1268 1098 cohorte
1295 1064 1448 1100 credule.

972 1167 1050 1203 Lux
1090 1167 1263 1203 caelorum
1292 1178 1331 1202 ac
1359 1171 1548 1210 terrarum,

1016 1217 1261 1263 praeclarum,
1291 1219 1451 1254 mirabile

969 1272 1079 1308 Omen
1108 1277 1210 1315 atque
1240 1283 1365 1307 nomen
1389 1283 1549 1315 magnum

1022 1324 1204 1358 Michaelis
1234 1324 1380 1360 celebre.

971 1428 1236 1472 Magistratibus
1265 1429 1437 1463 caelorum

1022 1485 1125 1524 atque
1154 1481 1346 1524 legionibus

970 1533 1064 1567 Deus
1095 1532 1192 1567 dedit
1219 1533 1426 1567 Michaelem

1023 1585 1143 1619 ducein
1173 1585 1289 1619 multis
1318 1585 1469 1620 milibus.

969 1689 1094 1725 Nonne
1122 1689 1273 1733 armiger
1300 1690 1453 1732 potentis

1021 1741 1234 1785 belligerque
1262 1741 1435 1777 rectoris?

970 1793 1094 1829 Nonne
1101 1794 1254 1828 Michael
1266 1804 1407 1837 magnus
1421 1798 1548 1836 manet,

1020 1856 1140 1880 manus
1170 1844 1270 1880 fortis
1300 1844 1470 1880 factoris?

971 1949 999 1986 0
1028 1950 1272 1993 archangelum
1299 1950 1487 1993 caelestem,

1020 2013 1040 2036 ο
1069 2002 1264 2037 terrestrem
1292 2002 1454 2046 iudicem,

970 2053 998 2090 Ο
1027 2058 1203 2098 ornatum,
1234 2055 1449 2097 decoratum,

1022 2118 1041 2140 o
1062 2105 1260 2151 probatum
1287 2107 1450 2140 militem!

968 2210 1231 2254 Principalibus
1261 2211 1435 2245 doctrinis

1020 2263 1217 2306 divinisque
1247 2262 1386 2298 vocibus

967 2315 1141 2358 Princeps
1172 2315 1345 2349 exercitus
1374 2315 1450 2360 Dei,

1019 2367 1164 2410 insignis
1193 2366 1389 2401 adfatibus:

968 2469 1052 2517 Quis
1080 2472 1184 2504 maris
1214 2470 1473 2516 profunditatis,

1020 2523 1096 2564 quis
1126 2523 1212 2557 caeli
1243 2523 1285 2556 de
1314 2521 1486 2566 extremis,

967 2572 1051 2620 Quis
1079 2575 1237 2622 conscius
1266 2573 1432 2608 celsitatis

1024 2626 1162 2663 Adonai
1188 2627 1231 2661 de
1259 2624 1444 2669 supernis?
