1652 2872
147 149 220 186 338

172 255 207 289 3.

138 2217 195 2251 10.

137 2486 195 2521 11.

518 150 595 178 Pars
618 149 659 178 II.
706 150 889 188 Hymnodia
911 149 1203 180 Hiberno-Celtica.

250 251 418 288 Caelestis
447 253 544 297 virgo

298 306 431 339 intrans
460 315 536 339 cum
564 306 715 340 melodia

247 357 357 391 Obvia
384 367 510 400 sponso

298 418 374 443 cum
403 409 514 443 electo
540 409 629 444 oleo.

243 531 359 576 Digna
385 542 569 575 precamur

296 594 360 627 per
388 585 460 618 eius
488 585 628 624 auxilia,

246 637 293 672 Ut
322 646 515 671 mereamur

294 698 418 731 magna
444 689 629 723 mirabilia.

241 811 366 847 Electa
393 811 457 846 fuit

295 864 369 898 Deo
399 868 431 897 et
461 863 669 902 hominibus,

242 916 380 952 Christo
409 916 569 950 adhaesit

295 968 394 1002 annis
422 969 456 1002 in
485 967 673 1002 nubilibus.

241 1091 387 1127 Femina
413 1092 485 1136 fida

290 1145 383 1179 wira
414 1144 523 1187 fulget
550 1145 682 1187 favore,

239 1197 379 1231 Caelum
409 1197 622 1242 conscendit,

290 1250 352 1284 sed
380 1259 455 1283 cum
483 1258 606 1291 niagno
635 1248 764 1283 labore.

239 1381 363 1419 Gratia
392 1384 521 1418 Christi

290 1436 418 1479 quievit
448 1436 655 1479 gratissima,

239 1488 362 1531 Unica,
393 1498 478 1523 cara

291 1541 390 1584 facta
416 1540 630 1578 fidelissima.

237 1664 456 1700 Humilitatis

291 1719 469 1761 exemplar
497 1718 691 1761 exstiterat,

238 1769 330 1803 Hinc
359 1770 514 1804 exaltata

291 1822 377 1856 caeli
400 1822 514 1865 prata
542 1826 690 1865 peterat.

238 1944 508 1981 Iuvencularum

289 2004 365 2032 erat
393 2006 512 2033 norma
539 1999 704 2043 numeris,

237 2051 269 2083 A
298 2051 371 2084 Deo
401 2048 499 2092 data,

289 2105 386 2136 casta
415 2107 517 2146 atque
545 2103 694 2138 humilis

238 2215 385 2251 Kastam
416 2216 567 2250 custodit

288 2278 425 2301 carnem
456 2278 569 2302 coram
599 2267 742 2311 angelis,

238 2321 363 2363 Fulget
391 2321 426 2354 in
454 2320 544 2354 albis
567 2356 576 2365 δ

289 2372 399 2414 stolis,
430 2372 545 2412 claris,
577 2371 747 2406 candidis⁸

238 2484 398 2520 Lucerna
428 2485 521 2519 clara

291 2547 354 2571 nec
384 2536 451 2571 sita
479 2536 542 2570 sub
571 2538 685 2571 modio

239 2589 326 2623 Erat
355 2592 493 2622 ostensa

293 2650 369 2674 cum
399 2649 544 2674 accenso
572 2639 651 2674 olio.

892 256 950 291 12.

890 812 948 846 14.

887 1386 946 1420 16.

886 1666 943 1702 17.

885 1946 944 1982 18.

882 2217 941 2251 19.

883 2485 943 2520 20.

992 253 1128 290 Mariae
1156 252 1277 287 matris

1044 307 1156 348 imago
1183 303 1354 339 mirabilis

993 360 1090 395 Haec
1117 357 1214 401 virgo
1242 357 1350 402 facta,

1045 409 1131 456 alta,
1160 407 1357 444 ineffabilis.

914 549 927 562 -
940 563 947 569 .
991 533 1174 569 Neminem
1203 533 1316 576 laesit,

1034 586 1165 629 pressit
1194 589 1316 619 cuncta
1345 584 1486 629 caduca,

989 637 1103 671 Fulsit
1131 636 1257 672 virtute

1040 690 1225 731 iuventute,
1254 688 1386 725 adulta.

991 809 1020 846 0
1049 817 1170 846 sancta
1197 822 1325 855 sponsa

1043 864 1165 897 summi
1194 864 1280 907 legis
1308 864 1441 905 latoris,

994 916 1180 958 Complens
1209 913 1362 961 perfecta

1043 970 1228 1010 praecepta
1256 968 1453 1003 salvatoris

937 1130 945 1138 .
988 1089 1115 1137 Patria
1145 1103 1188 1136 de
1217 1113 1278 1136 sua

1037 1155 1082 1188 ad
1111 1155 1294 1197 peregrina
1323 1165 1481 1199 pergenS,

985 1207 1126 1240 Havens
1154 1207 1188 1240 in
1217 1217 1329 1252 eruce,

1039 1258 1114 1292 luce
1143 1259 1185 1293 de
1212 1259 1289 1293 luce
1318 1259 1457 1296 ardens.

990 1382 1096 1429 Quasi
1124 1383 1260 1417 advena

1039 1435 1159 1469 mundi
1188 1445 1270 1470 cura
1298 1436 1420 1479 caruit,

988 1487 1129 1522 Domini
1158 1485 1271 1532 diyna

1040 1539 1110 1574 fide
1136 1539 1243 1583 firma
1271 1538 1398 1575 floruit.

986 1664 1125 1707 Regina
1152 1668 1284 1709 sancta,

1034 1717 1108 1751 sine
1136 1716 1215 1751 labe
1242 1726 1461 1761 permanens,

985 1770 1077 1804 Pura
1104 1768 1221 1814 puella

1035 1824 1209 1864 tamquam
1237 1817 1337 1855 stella
1365 1819 1517 1855 radiens,

987 1944 1136 1981 Sanctae
1164 1946 1359 1980 Monennae

1038 1997 1199 2032 laudibus
1228 1996 1431 2031 sonantibus

987 2050 1157 2093 Clangant
1183 2058 1325 2095 organa,

1038 2102 1153 2136 choris
1177 2100 1423 2136 exaltantibus.

986 2213 1168 2257 Templum
1198 2212 1391 2257 perfectum

1038 2266 1232 2300 construxit
1257 2265 1292 2299 in
1322 2268 1474 2308 pectore,

985 2319 1089 2353 Casta
1115 2319 1150 2352 in
1177 2315 1258 2353 sede

1035 2380 1110 2403 cum
1138 2379 1219 2413 reye
1245 2372 1277 2402 et
1307 2372 1451 2402 rectore.

986 2482 1081 2518 Uere
1109 2485 1290 2526 permanet

1037 2535 1111 2568 sine
1138 2533 1210 2567 ulla
1237 2533 1371 2567 macula

986 2587 1083 2620 Inter
1111 2588 1312 2620 sanctorum

1037 2637 1219 2680 anglorum
1248 2635 1424 2673 miracula.
