1652 2872
504 157 545 185 ΙΙ.
579 156 627 184 De
651 156 788 186 Sanctis.
810 170 849 174 —-
873 155 920 184 De
942 164 966 184 s.
990 155 1094 184 Petro.
1436 153 1509 190 347

85 255 211 285 werden
239 258 330 287 muss.
352 274 394 278 —
415 259 480 288 Der
502 259 592 288 Reim
622 259 665 287 ist
694 259 727 286 in
755 257 810 286 der
833 255 933 296 Regel
962 257 1051 286 nicht
1076 259 1159 287 rein:
1191 257 1396 286 Alliteration
1419 256 1507 285 fehlt.

85 297 250 327 Demnach
283 300 407 329 scheint
435 300 491 330 der
522 301 668 338 Hymnus
699 298 857 328 entweder
885 309 942 327 vor
969 299 1039 328 dem
1070 298 1098 327 ’7.
1127 298 1346 328 Jahrhundert
1375 297 1450 327 oder
1478 299 1511 326 in

86 339 189 367 einem
211 340 350 370 anderen
365 342 476 371 Laude
497 342 545 371 als
560 340 668 370 Irland
691 341 768 369 bzw.
792 349 855 368 von
879 342 982 369 einem
1000 340 1185 370 Nicht-Iren
1202 340 1361 378 gediehtet
1377 349 1414 368 zu
1432 340 1509 368 sein.

85 380 175 409 Auch
197 380 253 410 hat
270 382 325 412 der
339 383 456 421 Kopist
470 393 534 412 von
548 382 576 412 A
591 382 684 411 keine
699 382 835 412 Glossen
852 382 915 410 und
932 383 1157 411 Kommentare
1178 381 1367 420 beizufiigen
1382 381 1510 420 gehabt.

484 566 558 600 254.
593 565 635 597 In
657 564 780 598 sancti
803 564 908 596 Petri
934 565 1116 605 Apostoli.

518 672 565 708 R.
608 670 730 708 Assint
758 671 858 706 nobis
887 671 1049 706 sublimia

607 724 727 758 Sancti
754 724 850 759 Petri
879 723 1053 767 suffragia.

137 864 145 872 .
187 835 333 883 Audite,
362 837 502 883 fratres,
531 837 661 873 famina

188 890 284 923 Petri
313 891 464 933 pastoris
492 890 652 934 plurima.

188 941 414 984 Baptismatis
442 942 609 976 libamina

186 992 294 1027 Fudit
320 993 428 1028 veluti
454 993 607 1029 flumina.

133 1136 139 1143 .
182 1105 246 1141 Bis
275 1106 413 1141 refulsit
440 1111 479 1141 ut
506 1107 650 1142 fulmine

185 1158 292 1193 Sacro
321 1163 518 1194 sanctorum
547 1160 702 1204 agmine3

183 1210 327 1245 Flentes
357 1211 456 1245 duxit
485 1221 527 1246 ex
555 1212 679 1246 ordine

185 1261 314 1297 Gentes
345 1263 462 1297 divino
491 1263 654 1298 carmine.

133 1405 140 1413 .
186 1374 387 1424 Celebrayjt
416 1377 556 1420 egregia

185 1428 369 1472 Evangelii
397 1430 584 1472 praeconia

184 1479 295 1515 Facta
322 1484 499 1525 prostrata
527 1481 618 1525 legia

182 1532 236 1567 De
264 1536 386 1568 satana
415 1533 574 1569 victoria.

133 1677 140 1685 .
182 1645 324 1682 Dudum
353 1647 457 1691 elegit
486 1648 653 1682 Dominus

182 1700 325 1734 Petrum
353 1703 390 1733 ut
417 1710 521 1743 opum
550 1701 674 1743 oleum,

184 1752 233 1787 Ut
259 1751 411 1786 obitaret
437 1752 624 1787 Dominum

183 1804 356 1847 Essetque
384 1807 506 1847 pastor
533 1805 659 1842 ovium.

135 1959 143 1967 .
184 1928 393 1964 Elaboravit
419 1929 547 1972 ubique

184 1982 297 2017 Curae
326 1981 426 2015 datus
454 1981 623 2016 historiae

185 2033 465 2068 Fundamentum
496 2033 688 2067 dominicae

182 2085 364 2119 Ecclesiae
393 2085 595 2120 catholicae.

121 2215 141 2247 '.
184 2208 297 2244 Facta
324 2209 435 2243 crucis
461 2210 629 2253 martyria

184 2261 286 2296 Fecit
313 2271 437 2303 magna
464 2262 625 2306 prodigia

185 2314 329 2347 Secutus
358 2322 421 2354 per
451 2314 604 2348 aetheria

185 2364 383 2399 Christiana
412 2365 570 2410 vestigia.

137 2517 144 2524 .
189 2486 387 2523 Gloriosum
416 2490 609 2531 apostolum

188 2540 283 2573 Deus
311 2539 448 2573 ornavit
475 2541 594 2583 gloria,

188 2592 342 2626 Romana
369 2591 452 2625 urbs
481 2603 580 2635 quem
613 2591 761 2641 [inclita]

189 2641 341 2677 Videbat
369 2652 444 2678 cum
474 2644 632 2681 victoria.

857 839 891 874 8.

835 1379 894 1414 10.

832 1649 890 1685 11.

833 2213 891 2249 13.

834 2493 892 2527 14.

934 837 1176 872 Habundabat
1203 837 1346 878 iustitia,

933 891 1061 925 Plenus
1090 890 1208 923 divina
1235 890 1357 934 gratia,

935 942 1062 976 Sancta
1090 942 1258 985 expandit
1286 941 1371 975 retia

934 994 1063 1037 Sparsa
1091 1004 1154 1036 per
1182 993 1301 1027 mundi
1330 992 1453 1036 spatia.

933 1107 1146 1143 Iudaeorum
1175 1108 1356 1143 malivolas

935 1161 1036 1195 Vitae
1064 1159 1226 1194 formavit
1256 1160 1388 1194 animas

936 1212 1134 1259 Missusque
1163 1212 1255 1255 cepit
1281 1211 1449 1256 plurimas

935 1265 1119 1307 Evangelii
1148 1274 1211 1308 per
1238 1264 1386 1307 saginas.

934 1378 1066 1413 Kartas
1094 1378 1262 1413 librorum
1291 1379 1436 1421 legimus

937 1431 1032 1466 Petri
1061 1431 1182 1473 plenas
1211 1430 1417 1474 virtutibus3

934 1483 1090 1517 Maestus
1121 1482 1246 1517 divinis
1272 1481 1410 1516 fletibus

935 1535 1059 1569 Pastor
1084 1535 1119 1568 in
1148 1535 1216 1570 Dei
1244 1534 1396 1579 nutibus⁷

933 1648 1041 1684 Luxit
1070 1653 1107 1683 ut
1136 1649 1295 1683 Phoebus
1324 1649 1462 1683 saecula

935 1702 1068 1737 Christi
1097 1707 1234 1735 secutus
1262 1711 1379 1746 opera,

936 1754 1045 1788 Binae
1073 1754 1158 1797 legis
1187 1754 1328 1788 oracula

882 1959 890 1968 .
934 1931 1062 1966 Mirum
1090 1936 1265 1974 pastorem
1294 1932 1431 1974 postulo

932 1983 1113 2026 Flagitare
1141 1993 1209 2017 non
1239 1983 1378 2028 dasium

935 2036 987 2069 Ne
1027 2036 1209 2078 demergar
1247 2045 1322 2068 cum
1351 2035 1511 2080 pessimo,

934 2088 1138 2122 intercedas
1168 2098 1232 2131 pro
1261 2088 1397 2121 misero.

935 2212 1038 2248 Nunc
1067 2213 1228 2256 dignetur
1256 2213 1435 2257 apostolus

933 2266 1083 2309 Aperire
1112 2275 1187 2298 cum
1217 2265 1370 2298 clavibus

936 2318 1100 2360 Regnum,
1118 2316 1210 2360 quod
1222 2317 1303 2350 olim
1315 2316 1511 2358 quaerimus

935 2369 1006 2403 Nos
1042 2370 1214 2402 instantes
1253 2378 1336 2411 prae
1367 2368 1509 2404 foribus,

937 2491 965 2527 0
993 2494 1188 2535 postulator
1215 2493 1372 2535 sublime,

933 2545 982 2577 Te
1011 2554 1170 2588 rogamus
1199 2546 1347 2585 assidue,

935 2597 1133 2631 Recordare
1162 2597 1351 2640 martyriae

931 2648 979 2682 Et
1007 2649 1172 2683 auxilium
1200 2648 1324 2684 tribue.
