1652 2872
497 151 674 191 Appendix.
698 166 738 170 —-
759 149 797 178 A.
830 149 951 186 Hymni
974 149 1061 178 Petri
1090 150 1251 180 Damiani.
1514 147 1591 184 243

409 259 443 294 6.
484 256 666 291 Terminus
696 255 821 298 longae
850 253 953 288 datur
982 263 1064 287 ense
1092 263 1229 297 pugnae

488 309 614 342 Flante
644 307 782 342 felicem
811 306 927 348 iugulo
952 314 1130 348 cruorem3

491 359 704 403 splendidus
732 357 840 392 rubra
868 357 1034 391 rutilante
1054 358 1144 392 stola

658 410 790 445 Tendis
819 409 865 444 ad
893 411 1000 444 astra.

413 539 444 573 7.
492 537 584 571 Laus
613 535 724 570 honor
751 534 844 577 patri
872 533 1045 576 parilique
1073 534 1176 575 proli,

487 588 567 624 Una
593 588 768 630 maiestas,
798 585 919 620 eadem
950 588 1116 628 potestas,

491 640 574 675 Cum
602 639 727 683 quibus
757 642 896 672 sanctus
926 637 1027 671 simul
1056 637 1179 680 implet
1205 646 1341 670 omnem

661 691 813 736 Spiritus
843 689 976 724 orbem.

243 817 348 855 Opera
371 826 428 846 ms.
452 816 540 845 Petri
555 816 708 845 Damiani
731 824 812 844 saec.
842 812 886 843 11.
912 824 958 844 ex.
1004 813 1081 843 Cod.
1098 812 1244 842 Vatican.
1268 808 1360 840 3797.
1384 825 1423 830 —-
1447 809 1474 847 2,
1502 809 1516 838 1
1541 821 1596 849 pro

160 859 263 888 nobis.
294 874 334 878 —a
363 858 435 887 Von
465 857 519 886 der
542 857 723 896 Doxologie
752 866 811 885 nur
840 856 909 885 drei
931 855 1186 893 Anfangsworte.
1214 869 1254 874 —-—
1282 853 1381 882 Jeder
1404 854 1484 882 Vers
1513 854 1598 890 zeigt

160 901 338 940 durchweg‚
353 900 414 929 wie
430 909 464 930 es
481 900 633 929 Damiani
652 900 705 928 bei
722 899 841 928 diesem
858 898 1020 927 Versmars
1036 899 1071 926 in
1085 897 1140 926 der
1156 895 1256 934 Regel
1271 895 1361 932 liebt,
1378 895 1597 924 Binnenreim.

623 1074 697 1106 209.
735 1073 777 1105 In
800 1073 921 1106 sancti
945 1072 1125 1105 Ianuarii.

611 1150 790 1187 Hymnus
812 1148 922 1177 Petri
946 1148 1143 1177 Damiani.

762 1208 818 1240 Ad
839 1207 987 1240 Laudes.

162 1330 194 1365 1.
237 1329 313 1362 Lux
342 1326 434 1363 alma
462 1326 551 1361 sacri
579 1326 743 1369 martyris

238 1380 365 1415 Orbem
393 1378 575 1422 perfundit
603 1378 722 1424 radiis,

238 1433 312 1474 Qua
339 1434 552 1475 purpuratus
581 1429 752 1473 fulgidam

238 1484 333 1520 Caeli
362 1483 564 1517 conscendit
593 1482 738 1518 curiam.

163 1611 183 1643 [Ο

240 1608 389 1642 Abiecto
418 1608 533 1642 carnis
561 1617 667 1641 onere

241 1660 371 1695 Stolam
400 1660 554 1703 suscepit
581 1660 723 1705 gloriae,

239 1714 421 1747 Prostrato
449 1712 568 1746 mundi
596 1711 755 1754 principe

240 1765 392 1798 Palmam
422 1762 533 1798 refert
560 1763 728 1798 iustitiae.

160 1892 194 1925 3.
238 1890 370 1936 Gaude,
401 1889 487 1923 felix
517 1890 680 1934 Aritium,

239 1943 430 1976 Tantorum
458 1942 538 1976 aula
566 1942 782 1986 principum:

238 1994 426 2039 Donatum,
457 1994 562 2028 decus
590 1998 795 2037 martyrum,

214 2041 217 2043 ’
241 2046 382 2081 Claudis
411 2050 446 2080 et
475 2047 684 2082 Ianuarium.

912 1327 947 1361 4.
989 1326 1039 1361 Ut.
1066 1325 1143 1360 fons
1174 1326 1320 1360 duorum
1348 1325 1514 1359 luminum

990 1379 1151 1412 Lucerna
1179 1377 1291 1422 fulges
1320 1377 1468 1421 urbium,

992 1431 1099 1465 Caelo
1128 1434 1327 1464 sanctorum
1356 1430 1481 1464 merita

990 1483 1100 1517 Beata
1128 1483 1256 1516 tollunt
1283 1483 1430 1517 moenia.

936 1638 943 1645 .
987 1609 1048 1651 Te,
1078 1612 1213 1650 martyr
1241 1608 1340 1652 alme,
1373 1608 1522 1651 petimus

986 1661 1117 1694 Mentis
1145 1660 1285 1703 orisque
1314 1660 1489 1703 precibus,

988 1713 1036 1747 Ut
1064 1716 1124 1746 tua
1152 1713 1290 1746 solvant
1318 1712 1455 1755 merita,

987 1765 1080 1807 Quos
1108 1775 1171 1799 sua
1198 1765 1309 1808 ligant
1339 1764 1469 1800 debita.

938 1920 946 1928 ,
991 1891 1045 1925 Sit
1071 1891 1166 1934 patri
1194 1891 1269 1925 laus
1298 1891 1463 1937 ingenito,

990 1943 1043 1977 Sit
1072 1943 1176 1977 decus
1207 1943 1396 1986 unigenito,

990 1995 1042 2029 Sit
1068 1997 1247 2038 utriusque
1275 1996 1379 2038 parili

988 2047 1157 2082 Maiestas
1186 2058 1320 2082 summa
1346 2047 1488 2085 flamini.

243 2171 349 2208 Opera
378 2180 435 2199 ms.
466 2171 552 2200 Petri
575 2171 726 2200 Damiani
757 2181 840 2201 saec,
873 2170 920 2200 11.
951 2181 999 2200 ex.
1044 2172 1120 2201 Cod.
1142 2172 1290 2201 vatican.
1319 2170 1410 2201 3797.
1439 2188 1479 2192 -—
1513 2171 1546 2207 l,
1576 2170 1595 2201 3

158 2213 179 2242 l.
196 2213 282 2248 Qui?
307 2228 348 2232 ——
369 2210 399 2248 4,
425 2210 440 2241 1
464 2212 562 2241 frons.
577 2229 618 2232 —
640 2214 754 2242 Petrus
771 2214 923 2242 Damiani
946 2213 1096 2242 verfasste
1120 2213 1202 2243 auch
1225 2215 1297 2242 eine
1320 2212 1473 2251 tropierte
1488 2211 1597 2243 Messe

160 2253 217 2283 auf
241 2253 301 2283 den
332 2254 375 2283 hl.
399 2254 601 2292 Apolinaris‚
630 2264 688 2283 aus
711 2255 766 2284 der
789 2255 836 2284 als
859 2255 1002 2293 Beispiel
1024 2255 1078 2284 der
1101 2253 1264 2285 Introitus
1289 2255 1370 2285 nach
1394 2256 1464 2285 dem
1489 2256 1596 2284 KVort-

159 2296 227 2325 laut
249 2295 305 2325 der
326 2296 473 2334 gleichen
497 2295 609 2332 Quelle
631 2296 718 2333 (Cod.
742 2298 889 2326 Vatican.
913 2294 1007 2334 3797)
1028 2297 1098 2326 hier
1120 2297 1219 2335 folge:

346 2368 402 2398 Ait
422 2369 536 2399 beatus
558 2370 671 2398 Petrus
694 2369 860 2408 apostolus
882 2369 1056 2408 Apolenari
1080 2371 1237 2408 discipulo
1262 2380 1336 2399 sno:
1361 2370 1433 2405 Eia,

389 2408 503 2449 Sume,
526 2409 634 2448 accipe
659 2410 812 2449 spiritum
838 2412 989 2440 sanctum
1012 2410 1172 2448 simulque
1190 2410 1438 2449 pontz'siffltu1113

349 2452 442 2487 Ecce,
467 2453 551 2482 enim
575 2451 716 2482 eruditus
740 2463 773 2482 es
796 2454 834 2482 de
858 2453 1016 2490 omnibus,
1040 2463 1121 2491 quae
1143 2454 1219 2482 fecit
1241 2455 1348 2490 Iesns;

390 2495 418 2522 et
435 2502 532 2532 perae
555 2492 598 2523 acl
621 2493 740 2529 urbem,
764 2502 848 2532 qnae
873 2495 1007 2523 vocatur
1028 2492 1208 2527 Racemea;

348 2535 520 2565 Multitudo
544 2537 629 2565 enim
652 2537 762 2575 populi
786 2536 853 2564 illic
876 2538 1034 2574 moraturt,

384 2575 545 2615 praedica
568 2575 613 2606 eis
636 2576 674 2607 de
698 2576 826 2607 nomine
848 2575 947 2611 Iesw:

349 2618 482 2648 Constat
504 2621 586 2648 enim
610 2620 695 2657 apud
718 2624 758 2654 te,
781 2618 866 2658 quod
888 2628 962 2648 vere
986 2619 1029 2648 sit
1050 2619 1135 2648 filius
1158 2621 1238 2656 Dei3

405 2660 434 2690 et
455 2667 496 2689 oze
516 2658 761 2698 formidaveris.

1340 2710 1401 2742 16*
