1652 2872
609 153 636 181 Ι.
667 152 717 181 De
738 151 807 181 Deo
830 152 862 181 et
883 150 921 180 de
943 152 1053 181 Beata.
1471 152 1546 189 293

205 258 379 297 Antiphon.
406 267 464 286 ms.
493 255 714 286 Benchorense
744 255 819 283 anni
848 251 1022 284 680—691.
1067 255 1143 285 Cod.
1166 256 1367 285 Ambrosian.
1391 255 1416 285 C
1445 254 1464 285 5
1492 256 1548 285 inf.

122 317 163 322 —-
190 300 275 330 Titel
303 301 337 329 in
366 299 422 328 der
443 299 519 328 Hs.:
550 297 713 334 Incipiunt
742 295 924 332 antefanffl)
954 306 1049 335 super
1075 298 1246 327 Cantemus
1270 301 1302 327 et
1322 295 1547 335 Benedicite“;

122 343 184 372 und
208 351 292 372 zwar
312 342 418 380 folgen
444 340 515 369 ἀοι-1
535 338 625 368 sechs
647 337 967 375 Antiphonenpaare,
998 349 1061 368 von
1084 339 1187 368 denen
1209 340 1266 368 das
1290 340 1419 374 zweite,
1444 341 1547 368 vierte

121 385 186 414 und
218 383 341 414 sechste
371 383 470 417 Paar,
502 381 554 409 die
587 381 619 408 in
652 379 708 407 der
741 379 810 407 hier
843 380 1047 418 vorgelegten
1077 380 1231 418 Ordnung
1266 381 1347 409 auch
1375 381 1447 410 dort
1479 381 1549 409 sich

120 426 241 464 thigen,
271 425 369 454 durch
398 423 459 453 den
486 423 576 452 Reim
608 431 647 449 zu
670 421 830 458 Strophen
852 430 917 449 von
935 420 967 458 je
992 419 1062 450 sirei
1084 422 1206 450 Versen
1227 422 1380 460 gestaltet
1401 423 1482 452 sind.
1508 438 1547 442 —

120 468 177 501 Ia,
203 467 218 496 1
242 467 319 496 Filii
344 467 417 495 ebre
442 473 549 493 eornm
572 463 823 501 penitrauerunt.
849 478 888 482 —
910 463 974 497 Ib,
999 462 1012 491 1
1038 464 1110 491 Tris
1134 463 1253 502 korrig.
1279 473 1316 492 zu
1338 464 1433 501 Tres3
1458 465 1548 493 Deus

121 509 208 538 fehlt.
240 525 277 529 —
307 508 368 543 Ib,
397 504 416 535 3
445 514 506 534 uno
536 504 655 542 korrig.
687 513 725 533 zu
748 513 821 533 una.
845 519 885 524 -—
907 505 983 537 Ila.
1015 502 1034 533 '2
1057 505 1195 543 regalem
1219 505 1337 543 polum.
1358 522 1398 527 —u
1420 506 1500 541 IIb,
1532 504 1551 535 3

121 550 354 588 diriliquerunt.
379 563 417 567 —-
440 545 530 581 Illa,
557 544 569 574 l
595 546 687 574 Faro.
710 561 750 566 μ
772 546 865 575 IIIa.
890 544 908 574 2
932 548 1118 584 pertransit3
1148 547 1306 575 abermals
1330 546 1388 575 das
1412 548 1463 576 bei
1488 547 1549 576 den

121 592 194 620 Iren
216 589 383 628 einsilhige
406 589 456 617 -ii-
480 587 560 616 auch
583 587 754 625 graphiseh
777 587 876 616 durch
899 597 959 616 nur
981 586 1031 616 ein
1050 589 1086 616 -i-
1104 588 1328 626 ausgedriiekt.
1345 604 1383 608 -
1409 585 1547 618 chren

120 633 152 666 (l.
183 643 208 661 0.
239 633 287 666 II,
316 641 346 669 p.
369 628 420 665 29)
447 629 524 658 lasst
546 638 580 657 so
604 628 759 658 drucken:
794 630 940 666 „Moyses
972 631 1147 666 pertransit
1169 630 1202 658 in
1226 630 1310 658 sicco
1334 630 1413 668 pede
1437 632 1550 661 maria.

120 671 178 713 [et]
209 673 306 706 dixit,
336 673 403 701 Deo
432 669 587 700 cantate.“
612 686 652 690 —
675 671 767 706 IIIb,
800 670 814 699 1
838 671 911 699 Tris
942 671 1061 709 korrig.
1092 681 1131 699 zu
1153 670 1243 699 Tres.
1267 686 1307 690 -—
1330 672 1424 705 11111,
1457 670 1476 700 2
1499 681 1550 700 00-

119 718 335 785 gentllgetreffs
367 754 422 783 der
444 755 633 792 Reimprosa
661 754 723 792 gilt
745 754 814 783 hier
837 754 893 783 das
917 754 1047 784 Gleiche
1071 755 1129 783 wie
1154 755 1204 783 bei
1227 754 1287 783 den
1312 753 1473 783 collectae
1496 754 1554 783 der

120 797 461 869 ivrggissendrgummem
504 805 570 824 war
606 795 677 825 dort
714 798 783 825 vier
820 796 870 825 die
910 796 1092 826 Zeilenzahl
1128 796 1183 825 der
1220 795 1375 832 Strophe.
1414 805 1448 825 so
1486 795 1556 825 hier

221 1035 296 1068 223.
332 1035 491 1075 Hymnus
515 1034 558 1065 de
581 1033 739 1066 Psalmis
764 1033 971 1073 quindecim
997 1032 1235 1065 cantieorum
1259 1032 1454 1065 Graduum.

150 1146 182 1180 1.
227 1144 282 1178 Ad
310 1143 495 1177 Dominum
525 1143 765 1187 clamaveram,
898 1142 931 1176 7.
975 1142 1014 1175 In
1043 1141 1280 1175 convertendo
1310 1141 1479 1175 Dominus

227 1195 311 1230 Cum
340 1194 526 1228 tribulatus
555 1192 701 1237 fueram,
975 1193 1221 1236 Captivitatem
1251 1194 1408 1236 protinus

225 1248 271 1282 Et
299 1246 481 1282 exaudivit
507 1246 675 1281 Dominus
975 1245 1058 1279 Sion
1086 1247 1170 1279 satis
1198 1246 1234 1279 in
1261 1245 1421 1279 omnibus

227 1302 370 1335 Servum
400 1309 497 1333 suum
527 1299 744 1341 quantocius.
976 1298 1154 1333 consolati
1183 1308 1244 1332 nos
1274 1296 1414 1333 fuimus.

151 1417 184 1450 2.
230 1415 361 1448 Levavi
388 1423 482 1447 meos
511 1413 630 1447 0011105
898 1414 932 1448 8.
978 1412 1054 1446 Nisi
1083 1412 1251 1446 Dominus
1280 1411 1520 1447 aedificaverit

225 1467 350 1500 Statim
379 1466 423 1500 ad
453 1469 586 1499 montes
613 1465 792 1509 pristinos,
976 1466 1092 1507 Atque
1120 1475 1182 1498 nos
1212 1465 1482 1510 conservaverit,

226 1518 328 1553 Unde
357 1518 423 1551 erit
451 1518 620 1551 altissimo
978 1517 1111 1550 Vanum
1142 1521 1194 1550 est
1223 1526 1310 1559 opus
1339 1518 1490 1550 omnium

226 1569 404 1604 Auxilium
433 1580 454 1603 a
482 1569 642 1605 Domino.
976 1568 1107 1603 Domus
1135 1567 1406 1604 aedificantium.

151 1687 185 1721 53.
227 1686 395 1719 Laetatus
423 1695 498 1718 sum
527 1685 562 1718 in
591 1684 762 1725 omnibus,
901 1685 935 1719 9.
980 1683 1080 1718 Beati
1110 1683 1172 1717 filii
1201 1683 1390 1727 hominum,

227 1738 321 1780 Quae
351 1737 440 1771 dixit
466 1737 549 1770 mihi
578 1736 766 1771 Dominus:
980 1736 1045 1778 Qui
1074 1745 1171 1769 suum
1200 1736 1325 1770 timent
1353 1736 1538 1770 Dominum

227 1790 284 1824 Ad
315 1790 452 1824 domum
480 1789 547 1823 Dei
574 1788 713 1832 ibimus,
976 1789 1110 1831 Quique
1138 1788 1172 1822 iu
1202 1789 1256 1822 via
1287 1793 1432 1831 angusta

227 1843 268 1878 In
294 1851 362 1884 qua
388 1851 525 1885 semper
553 1840 779 1876 manebimus.
977 1840 1067 1874 Fide
1095 1840 1277 1876 ambulant
1305 1840 1460 1878 robusta.

152 1959 187 1992 4.
229 1956 287 1992 Ad
315 1960 350 1990 te
377 1956 490 1990 levavi
519 1955 636 1990 oculos
877 1957 935 1990 10.
979 1955 1091 1999 Saepe
1119 1966 1189 2001 mg
1197 1959 1486 1999 expugnaverunt

229 2009 340 2052 Meos,
368 2018 389 2042 o
418 2009 522 2047 Deus,
550 2008 718 2048 1111011105,
981 2008 1195 2052 Adversarii,
1226 2017 1288 2042 1100
1316 2011 1514 2050 potuerunt,

230 2061 293 2103 Qui
323 2071 359 2094 es
384 2061 419 2095 in
449 2060 535 2095 caeli
565 2061 714 2094 culmine
980 2060 1048 2095 Sed
1078 2064 1305 2095 cessaverunt
1335 2061 1497 2094 continuo

231 2114 317 2148 Cum
346 2113 545 2156 angelorum
574 2113 722 2156 agmine.
979 2111 1209 2148 Confertante
1238 2122 1292 2146 me
1321 2112 1482 2149 Domino.

156 2232 190 2263 5.
238 2227 336 2274 „Nisi
365 2227 445 2271 quia
473 2227 661 2261 altissimus
876 2229 935 2263 11.
981 2228 1032 2261 De
1060 2225 1247 2270 profundis
1277 2227 1488 2274 suppliciter

232 2280 319 2314 Erat
346 2280 382 2313 in
409 2279 508 2313 nohis
538 2279 739 2323 Dominus‚“
979 2280 1137 2316 Clamavi
1162 2289 1203 2314 ac
1231 2278 1386 2314 fideliter

231 2332 334 2366 Dicat
362 2331 497 2365 Israhel
521 2332 690 2376 omnibus,
977 2332 1033 2366 Ad
1063 2336 1108 2376 te,
1138 2331 1233 2365 Deus
1263 2332 1444 2377 victoriae,

236 2382 468 2428 „Infirmiores
496 2382 657 2420 fuimus.“
978 2384 1084 2418 Pater
1111 2384 1276 2426 perennis
1305 2383 1448 2427 gloriae.

157 2501 191 2535 6.
233 2498 298 2540 Qui
327 2497 506 2532 confidunt
533 2498 567 2532 in
597 2498 759 2542 Domine,
880 2498 938 2532 12.
982 2497 1140 2541 Domine,
1169 2508 1236 2532 non
1266 2501 1318 2531 est
1346 2498 1474 2532 elatum

235 2549 459 2584 Dominatore
487 2550 648 2594 maximo,
981 2550 1020 2583 In
1048 2559 1101 2583 me
1130 2550 1293 2593 superbia
1323 2560 1382 2584 cor
1409 2559 1520 2583 meum

234 2601 284 2636 Ut
310 2611 406 2635 mons
435 2602 516 2637 Sion
545 2606 714 2644 perpetuo
981 2601 1102 2644 Neque
1130 2599 1312 2650 [unquam]
1339 2601 1486 2635 interius

234 2653 313 2687 Non
341 2657 498 2687 movetur
524 2653 568 2687 ab
596 2653 724 2696 aliquo.
980 2653 1165 2688 Exaltatus
1194 2665 1266 2688 sum
1297 2653 1467 2689 sensibus.
