1652 2872
254 163 296 192 11.
329 164 378 192 De
400 162 535 191 Sanctis.
558 176 598 181 -
621 161 656 189 Β.
679 160 800 198 Hymni
822 159 860 188 de
883 159 1009 189 Sanctis
1032 160 1167 198 Proprii.
1213 162 1260 190 De
1284 171 1308 191 s,
1331 162 1484 191 Barbara.
1533 162 1603 199 167

179 269 213 303 5.
258 266 382 301 Fidem
412 264 566 299 fenestra
593 264 760 307 prodidit,
949 266 984 300 9.
1026 264 1094 298 Per
1121 264 1240 299 urbem
1268 265 1361 300 nuda
1389 265 1554 309 volvitur,

257 319 367 360 Quam
394 321 540 361 propter
557 317 668 359 ipsam
689 314 858 358 condidit,
1027 315 1095 349 Sed
1124 317 1262 350 nuditas
1290 327 1370 351 mox
1398 317 1552 361 tollitur3

254 369 382 403 Divina
409 369 456 402 sit
482 368 575 412 quod
602 367 740 401 trinitas
1026 366 1082 400 Ab
1111 368 1231 402 aethre
1259 369 1352 410 palla
1380 369 1541 414 mittitur,

253 421 299 455 Et
327 430 396 454 una
421 419 467 454 sit
495 418 671 455 divinitas,
1028 418 1101 460 Qua
1129 419 1226 463 virgo
1255 420 1546 464 circumcingitur.

177 536 212 569 6.
257 534 347 569 Oves
375 534 410 567 in
438 543 522 568 saxa
549 535 702 567 verterat
924 534 983 568 10.
1028 533 1086 567 Ad
1114 533 1211 576 haec,
1240 538 1278 567 ut
1306 538 1418 568 mente
1447 535 1591 577 corruit,

252 585 326 619 Nec
353 585 568 628 proditorem
596 585 763 625 laeserat;
1025 585 1193 619 Extrema
1218 585 1322 620 iudex
1351 587 1516 628 protulit;

255 637 416 672 Cucurrit
443 637 489 671 ad
518 636 733 671 certamina⁴
1026 637 1167 679 Parens,
1198 641 1367 672 mactator
1394 638 1527 683 unicae,

253 689 310 724 Ad
338 689 446 723 multa
474 689 563 723 sicut
592 689 731 731 gaudia.
1026 689 1122 723 Perit
1151 698 1301 732 superno
1331 688 1485 725 fulmine.

188 806 221 840 7.
267 805 309 839 In
336 804 474 838 latomis
502 807 535 837 et
563 802 683 847 stipite
930 804 988 840 11.
1032 804 1232 845 Precamur,
1261 803 1358 847 virgo
1386 803 1554 845 Barbara,

257 855 464 899 Confligitur
491 865 566 889 cum
596 855 730 899 virgine
1031 855 1104 890 Deo
1133 856 1260 890 dilecta
1288 859 1454 898 martyra,

256 910 343 943 Item
372 908 553 950 squalente
581 917 723 941 carcere
1030 907 1115 943 Tuis
1138 908 1249 942 laetos
1277 907 1502 941 sollemnibus

255 960 303 995 Et
329 960 534 1004 ungularum
562 959 726 994 carmine.
1032 960 1192 994 Polorum
1220 959 1323 1003 iunge
1351 959 1504 994 sedibus.

181 1076 214 1109 8.
258 1073 328 1108 Sed
355 1072 408 1106 vis
436 1072 548 1107 virilis
575 1072 728 1115 pectoris
930 1074 988 1108 12.
1031 1072 1106 1106 Deo
1134 1072 1228 1115 patri
1257 1073 1301 1105 sit
1330 1073 1438 1115 gloria

255 1124 360 1161 Illata
387 1124 481 1159 ridet
509 1123 641 1158 deforis
1030 1124 1184 1167 Eiusque
1213 1124 1278 1157 soli
1306 1123 1378 1158 filio

255 1177 329 1211 Nec
358 1176 484 1211 damna
513 1179 610 1210 curat
639 1175 821 1210 verberum
1032 1176 1116 1210 Cum
1145 1175 1272 1219 spiritu
1299 1176 1469 1219 paraclito

254 1229 370 1264 Vicem
401 1231 596 1262 retractans
624 1230 818 1263 munerum.
1033 1227 1133 1261 Nunc
1161 1232 1195 1262 et
1219 1238 1283 1270 per
1301 1238 1400 1262 omne
1420 1229 1606 1262 saeculum.

260 1344 378 1381 Hymn.
401 1352 457 1370 mS.
481 1341 631 1370 Farfense
653 1350 735 1370 saec.
759 1338 840 1370 ¹⁰l11.
880 1341 956 1370 Cod.
971 1341 1118 1370 Turicen.
1135 1341 1236 1370 Rhen.
1259 1338 1308 1368 91.
1332 1357 1371 1359 —
1396 1339 1422 1375 1,
1445 1339 1464 1369 2
1481 1342 1607 1380 Surgat.

178 1402 217 1405 —
239 1384 276 1421 4,
307 1383 326 1413 2
349 1384 505 1422 Signabat
527 1383 610 1412 inde.
634 1398 673 1402 —
696 1381 731 1418 5,
764 1380 778 1411 1
804 1382 931 1420 prodiit.
956 1398 995 1402 --
1022 1380 1057 1417 6,
1090 1381 1104 1411 1
1129 1383 1213 1411 Tues
1237 1382 1368 1414 :falsche
1393 1383 1541 1419 Initiale).
1569 1400 1608 1402 —

178 1426 213 1462 7,
243 1425 263 1456 4
285 1426 753 1462 Carmen=,‚1nstrumentum
780 1425 915 1453 ferreum
939 1427 1083 1459 acutum,
1115 1434 1176 1462 quo
1201 1424 1275 1452 lana
1297 1422 1455 1462 carpitur“
1480 1434 1509 1452 V.
1533 1426 1605 1454 For-

177 1469 295 1498 cellini.
321 1485 357 1489 —
381 1465 409 1502 8,
431 1465 451 1496 3
473 1467 637 1496 verberum
661 1466 748 1495 fehlt.
773 1482 812 1486 —-
838 1464 883 1501 10,
906 1463 926 1494 3
949 1467 1126 1495 mactator?
1151 1466 1246 1494 kaurn
1269 1465 1384 1494 lesbar.
1408 1482 1448 1485 ——
1464 1467 1534 1494 Vou
1551 1466 1606 1495 der

177 1510 357 1548 Doxologie
378 1519 438 1538 nur
461 1508 603 1547 Anfang:
627 1509 695 1537 Deo
718 1507 811 1545 patri.
856 1507 955 1536 Titel:
982 1508 1147 1545 „Hymnus
1170 1508 1203 1535 in
1228 1516 1251 1535 s.
1275 1507 1436 1536 Barbarae
1461 1507 1564 1536 editus
1589 1517 1607 1536 a

178 1553 299 1581 Petro
316 1548 534 1580 Diaeono“.
572 1551 618 1578 Ist
639 1549 727 1578 diese
742 1549 874 1586 Angabe
896 1549 1127 1587 glaubwiirdig.
1151 1559 1186 1577 so
1209 1548 1320 1578 erhebt
1342 1549 1409 1577 sich
1429 1548 1480 1577 die
1498 1550 1607 1587 Frage,

177 1592 306 1623 welcher
334 1593 446 1622 Petrus
480 1593 641 1620 Diaconus
673 1592 812 1630 gemeint
845 1591 913 1619 sein
946 1590 1042 1620 kann.
1094 1591 1161 1619 Das
1192 1590 1283 1619 Alter
1316 1590 1370 1619 der
1400 1590 1608 1619 Handschrift,

179 1635 320 1664 schliesst
353 1635 414 1663 den
436 1634 548 1663 Petrus
578 1633 732 1662 diaconus
762 1642 825 1661 von
848 1630 960 1662 Monte
986 1630 1124 1661 Cassino
1152 1630 1214 1667 (12.
1237 1631 1364 1668 Jahrh.)
1387 1641 1459 1667 aus;
1491 1633 1606 1661 Petrus

178 1677 342 1711 diaconus,
365 1675 420 1704 der
442 1673 501 1705 605
524 1685 563 1704 zu
585 1672 670 1703 Rom
693 1675 789 1709 starb,
813 1673 900 1702 kann
923 1673 1109 1703 schwerlich
1133 1675 1166 1703 in
1181 1675 1283 1712 Frage
1304 1674 1469 1709 k01nmen3
1492 1675 1606 1703 Petrus

177 1719 330 1747 diaconus
352 1727 416 1746 von
430 1714 511 1746 Pisa
532 1715 566 1754 (†
589 1725 634 1744 ca.
652 1714 731 1753 799),
754 1717 809 1746 der
830 1715 914 1744 wohl
937 1716 1012 1745 eber
1030 1716 1143 1745 Petrus
1160 1713 1402 1745 Grammaticus
1422 1716 1606 1745 zubenannt

179 1762 272 1796 ware,
296 1759 529 1797 ehensowenig.
572 1758 621 1787 Ob
644 1758 702 1786 wir
725 1767 766 1786 an
786 1758 902 1786 Petrus
925 1758 1161 1787 subdiaconus
1183 1767 1247 1787 von
1270 1758 1391 1796 Neapel
1413 1757 1508 1793 (saec.
1530 1756 1608 1794 9lio.)

179 1801 305 1831 denken
327 1801 462 1830 diirfen‘?
497 1801 562 1829 Der
577 1800 724 1836 Hymnus
748 1799 805 1828 auf
816 1799 970 1837 Agnellus
991 1799 1058 1835 (Nr.
1078 1797 1147 1836 137)
1168 1799 1232 1828 und
1248 1799 1474 1829 vorstehender
1496 1801 1607 1837 zeigen

180 1844 272 1873 beide
295 1845 364 1873 eine
386 1841 633 1880 schwungvolle,
658 1840 854 1879 rhythmisch
877 1841 941 1870 und
966 1841 1116 1870 meti-isch
1139 1840 1309 1879 durchweg
1330 1841 1435 1879 gleich
1457 1841 1607 1870 korrekte

180 1885 332 1924 Sprache,
355 1894 389 1914 so
413 1883 482 1913 dass
506 1883 597 1913 beide
620 1892 694 1912 vom
716 1882 864 1922 gleichen
886 1883 1019 1912 Dichter
1042 1883 1111 1912 sein
1133 1880 1282 1912 kdnnte'n.

613 2057 687 2090 145.
722 2058 762 2090 In
786 2058 937 2091 sanctae
961 2059 1166 2092 Barbarae.

554 2124 732 2160 Hymnus
760 2121 875 2152 Petri
902 2120 1242 2162 [Sub]diaconi(“?).

432 2230 464 2264 1.
508 2227 687 2271 Virginum
718 2228 838 2271 virtus,
869 2227 973 2262 decus
1002 2231 1036 2261 et
1064 2238 1202 2274 corona,

507 2279 671 2323 Virginis,
700 2279 849 2322 Christe,
879 2279 992 2313 tribue
1016 2284 1195 2323 tropaeum

510 2331 687 2366 Barbarae
714 2331 814 2366 nobis
842 2331 988 2366 reboare
1015 2342 1151 2365 sacrum

690 2383 783 2417 Voce
810 2392 946 2419 sonora.

433 2501 467 2534 2.
510 2498 676 2533 Germine
704 2498 799 2531 claro
827 2499 913 2541 sata,
943 2497 1090 2540 pulchra
1117 2499 1225 2541 vultu,

510 2550 659 2584 Pulchra
686 2550 748 2584 sed
777 2551 895 2583 sancto
923 2550 1032 2592 magis
1061 2553 1175 2584 exstat
1202 2554 1293 2595 actu,

508 2601 599 2636 Fixa
625 2601 816 2644 persistens
842 2601 878 2633 in
904 2600 1058 2644 utrisque
1085 2601 1199 2645 rebus,

692 2654 782 2695 Quas
809 2654 885 2686 rota
909 2652 1028 2687 volvit.
