1652 2872
114 148 185 185 234
438 145 517 174 Pars
537 145 562 174 I.
605 145 723 184 Hymni
747 147 962 185 antiquissimi
985 154 1066 174 saec.
1090 144 1226 173 V.——X1.

389 252 424 283 9.
468 249 543 283 Hoc
570 250 645 284 loco
674 251 820 285 cultrum
848 252 941 286 socio
968 249 1115 284 retraxit

466 301 655 344 Impudens
683 303 832 346 quidam,
864 313 971 338 vacua
998 302 1059 336 sed
1088 311 1176 335 urna

465 353 585 387 Mente
612 359 779 397 percepta
807 355 983 397 Stephano
1011 353 1150 387 iubente

611 406 780 440 Reddidit
806 407 930 449 ipsum.

367 510 424 543 10.
469 510 582 551 Aeger
610 512 644 542 et
671 509 839 543 balbus
869 508 1029 552 vitiisque
1057 508 1180 551 plenus

467 560 534 594 Ore
562 561 694 603 polluto
722 561 889 603 Stephani
917 560 1110 603 triumphos

468 612 642 646 Notker
669 612 832 655 indignus
861 612 971 646 cecini
1001 613 1135 646 volente

612 664 777 698 Praesule
803 667 934 707 sancto,

367 767 424 800 11.
466 767 571 800 Flore
599 767 821 802 Ruodbertus
848 767 1006 800 iuvenale
1034 767 1092 809 qui
1120 777 1210 800 nunc

469 819 536 852 Cor
563 827 681 852 senum
711 823 849 861 gestans
877 819 1007 852 senium
1038 819 1158 852 beatus

469 872 520 903 Ae
548 870 615 912 piis
643 870 765 912 plenus
795 870 926 903 meritis
955 871 1074 905 videre

613 922 866 956 Promereatur.

366 1027 427 1061 12.
471 1026 570 1060 Pacis
599 1029 721 1068 optata
747 1025 884 1068 potiens
913 1026 1027 1068 quiete

467 1077 587 1111 Hostis
617 1081 649 1110 et
680 1077 774 1111 diros
803 1087 972 1120 superans
1001 1086 1193 1119 mucrones,

467 1132 574 1171 Quem
604 1127 723 1163 furens
751 1130 846 1163 misit
873 1129 1003 1163 Boreas
1033 1128 1221 1172 fugandum

614 1181 677 1215 Vel
706 1181 958 1226 perimendum,

369 1285 428 1320 13.
472 1286 520 1321 Ut
547 1285 716 1319 trinitatis
743 1284 929 1320 benedicta
958 1284 1066 1320 virtus

468 1337 626 1371 Aedibus
654 1338 762 1371 sacris
793 1336 1018 1379 domibusque
1047 1338 1180 1371 cunetis

468 1389 537 1423 Per
565 1398 685 1432 preces
713 1390 828 1433 magni
857 1389 1025 1432 Stephani
1052 1393 1198 1424 canatur

613 1441 784 1485 Tempore
813 1442 925 1485 longo,

200 1545 330 1574 Collect.
354 1554 409 1572 ms.
428 1543 637 1582 Sangallense
661 1553 743 1573 saec.
765 1542 819 1581 (8.)
845 1542 890 1573 10.
914 1542 987 1580 (ll.)
1023 1544 1100 1573 Cod.
1117 1544 1300 1582 Sangallen.
1323 1543 1393 1574 242.
1418 1561 1457 1564 *-
1479 1542 1508 1580 7,
1527 1542 1546 1573 2

117 1596 271 1622 memore,
303 1587 409 1624 spiiter
440 1586 611 1623 korrigiert
633 1588 667 1615 in
692 1583 916 1623 „ineinorai·e“.
939 1601 979 1605 -x—
1003 1586 1075 1624 Vgl.
1097 1585 1148 1615 die
1172 1587 1252 1615 Note
1276 1596 1315 1615 zu
1338 1588 1392 1616 Nr.
1418 1585 1484 1615 199.
1509 1602 1547 1605 ——

117 1627 431 1658 Stiftsbibliothekar
454 1628 512 1656 Dr.
534 1627 633 1656 Adolf
651 1627 718 1657 ffih
747 1637 785 1656 zu
809 1627 854 1656 St.
878 1627 994 1657 Gallen
1022 1627 1110 1656 hatte
1133 1628 1184 1656 die
1207 1628 1547 1666 Liebenswiirdigkeit,

116 1669 177 1699 den
193 1671 273 1699 Text
295 1669 400 1699 dieser
423 1671 493 1698 vier
508 1670 656 1708 Hymnen
680 1669 762 1698 noch
785 1669 903 1698 einmal
927 1670 983 1698 auf
1002 1669 1054 1698 die
1070 1669 1280 1698 Handschrift
1302 1680 1340 1698 zu
1359 1670 1547 1699 revidieren.

476 1835 551 1868 203.
586 1836 627 1867 In
651 1844 700 1868 ss.
725 1835 947 1876 Theopompi
971 1835 1009 1867 et
1033 1834 1187 1876 Synesii.

466 1900 646 1938 Hymnus
672 1899 834 1929 cosmae
856 1899 1134 1929 Matealensis
1157 1900 1202 1936 (P).

121 1986 153 2019 1.
201 1985 335 2019 Celsum
367 1985 576 2028 triumphum
600 1987 789 2027 martyrum
871 1986 904 2019 4.
948 1984 1035 2018 Nam
1066 1994 1126 2018 rex
1157 1982 1322 2027 profanus
1349 1984 1452 2017 idolis

198 2037 393 2080 Pangamus
421 2047 539 2072 omnes
568 2046 715 2070 annuum
947 2036 1101 2078 Impellit
1129 2037 1190 2070 hos
1219 2041 1256 2069 ut
1285 2036 1457 2079 spurcidis

199 2088 333 2123 Devota
361 2093 475 2122 mente
504 2088 689 2122 maximum
949 2088 1105 2122 Litai-ent
1134 2097 1196 2121 nec
1224 2086 1334 2123 flectit
1362 2089 1444 2131 aris,

200 2140 339 2174 Christo
368 2139 520 2174 ferentes
550 2140 732 2174 canticum.
950 2140 1088 2174 Taetris
1116 2140 1211 2182 angit
1239 2140 1428 2183 suppliciis,

124 2234 157 2267 2.
202 2233 394 2266 psallamus
423 2243 462 2266 ao
491 2232 705 2275 Theopompi
870 2235 901 2267 5.
947 2233 1014 2266 Sed
1045 2236 1167 2266 cuncta
1195 2231 1277 2266 forti
1305 2237 1448 2275 pectore

201 2284 285 2317 Mox
313 2284 404 2317 bella
433 2295 492 2318 seu
521 2284 654 2326 Synesii
948 2285 1129 2327 Postquam
1159 2283 1296 2326 flagella
1323 2289 1462 2318 strenue

206 2335 350 2368 Virtutis
378 2341 456 2369 acta
483 2335 608 2369 lucidis
946 2336 1074 2369 Christi
1103 2335 1259 2369 vicerunt
1288 2345 1439 2380 munere,

205 2388 274 2421 Pro
302 2387 392 2429 regis
420 2387 483 2421 alti
510 2388 646 2422 muniis,
945 2387 1079 2420 Tenent
1105 2396 1250 2420 coronas
1278 2385 1419 2429 fulgide.

126 2481 157 2515 3.
201 2480 247 2513 Hi
275 2489 420 2522 namque
449 2479 540 2513 vitae
567 2480 693 2522 gaudia
869 2482 904 2515 6.
946 2479 1018 2513 Nos
1047 2489 1140 2522 ergo,
1170 2477 1308 2521 fratres,
1338 2481 1512 2523 supplices

204 2531 399 2566 Praesentis
428 2540 468 2564 ac
495 2532 613 2565 suavia
948 2532 1142 2569 poseamus,
1171 2534 1207 2564 ut
1238 2541 1298 2564 nos
1326 2532 1428 2565 utiles

203 2583 316 2616 Saecli
344 2581 539 2625 linquentes
567 2583 675 2616 ardua
945 2582 1109 2616 Reddant
1135 2582 1179 2616 ad
1209 2582 1354 2624 hymnos
1383 2584 1523 2617 caelites

205 2634 350 2668 Gestant
378 2638 500 2677 parata
527 2634 656 2668 bravia.
947 2633 1126 2676 Regnique
1155 2633 1235 2666 dent
1264 2635 1466 2677 participes,
