1652 2872
112 124 188 162 322

141 232 175 265 3.

484 125 563 154 Pars
585 125 628 154 11.
672 126 856 163 Hymnodia
879 125 1171 155 Hiberno-Celtica.

217 227 459 271 Contemptum
489 229 717 264 mundialium

217 281 442 322 voluptatum
471 281 716 324 praesentium,

216 332 386 366 Vitiorum
415 331 648 367 firmissimum

216 382 375 418 Infirmos
405 383 671 427 devastantium,

220 434 420 480 Verborum,
451 436 694 478 cogitaminum

215 488 319 522 Parte
347 487 446 521 laeva
474 489 685 522 versantium

215 539 424 574 continebat
452 548 515 582 per
543 540 713 574 viscerum

217 590 359 625 Secreta
387 591 614 634 vigilantium.

217 735 351 771 Doctus
379 737 412 769 in
439 736 503 770 Dei
533 736 667 778 legibus

215 788 352 822 Divinis
382 787 602 832 dictionibus,

216 839 356 874 Ditatus
384 839 514 873 sanctis
541 839 665 882 opibus

217 891 293 925 Deo
321 900 458 934 semper
486 891 716 934 placentibus,

217 943 409 977 Dedicatus
437 943 471 976 in
500 943 663 984 moribus,

218 994 284 1029 Dei
312 993 468 1028 stefanus
498 995 630 1040 hagius,

218 1046 376 1081 Docebat
402 1046 453 1080 sic
481 1050 515 1080 et
543 1050 677 1081 ceteros

217 1098 322 1133 Dicta
350 1099 454 1133 docta
479 1099 654 1142 operibus.

212 1243 329 1288 Elegit
356 1254 377 1278 a
404 1244 610 1287 primordio,

212 1296 310 1338 Quod
340 1300 415 1330 erat
442 1296 477 1330 in
506 1296 690 1341 principio,

212 1349 402 1383 Aeternum
432 1348 595 1393 Verbum,
623 1353 770 1392 paterno

211 1401 417 1435 Eructatum
446 1401 663 1435 sanctissimo

212 1453 327 1488 Corde
355 1462 472 1486 verum
501 1452 683 1497 altissimo,

213 1504 322 1539 Carus
351 1504 462 1539 eidem
492 1504 610 1539 lucido

212 1557 342 1600 Pignus
370 1557 552 1600 praeclaro
580 1558 707 1601 animo,

212 1609 384 1644 Constans
412 1619 518 1652 opere
547 1609 699 1652 placido.

212 1748 387 1793 Fulgebat
416 1750 478 1784 alti
508 1748 642 1794 fulgore

210 1801 301 1836 Solis
329 1801 415 1844 vice,
445 1802 480 1836 in
510 1803 640 1836 vertice

213 1854 404 1889 Rutilantis
432 1853 590 1897 meridie,

213 1906 315 1940 Fidei
345 1906 565 1952 claritudine,

213 1957 445 1993 Confirmatus
474 1968 515 1993 ex
545 1959 677 1993 viscere

214 2011 255 2044 In
283 2010 358 2044 Deo
386 2019 524 2053 semper
552 2010 672 2053 fidere,

214 2061 400 2096 Confidens
429 2062 676 2097 sanctimoniae

214 2114 408 2157 Praecipuo
435 2115 634 2150 munimine.

215 2250 391 2288 Gaudium
421 2253 533 2287 sancti
561 2253 705 2296 spiritus

213 2303 377 2338 Habebat
403 2304 437 2338 in
469 2304 670 2349 visceribus,

214 2356 369 2399 Regnum
400 2356 493 2398 quod
518 2361 570 2390 est
589 2356 793 2390 sublimibus

214 2407 288 2441 Deo
318 2406 469 2452 dignum,
498 2411 531 2441 et
560 2407 685 2442 fortius

217 2458 380 2493 Gladium
409 2468 543 2501 quoque
571 2459 715 2502 spiritus

216 2510 385 2545 Levatum
412 2511 458 2544 ad
487 2511 727 2554 nequissimos,

217 2562 291 2604 Quo
320 2564 555 2604 prosterneret
587 2563 765 2606 superbos,

216 2613 352 2648 Tenens
389 2613 518 2648 sanctis
555 2613 589 2648 in
622 2614 792 2652 manibus,

886 233 921 267 8.

863 1245 921 1281 10.

860 1751 919 1787 11.

859 2254 916 2289 12.

962 229 1130 270 Humilis,
1160 233 1312 271 sauctus,
1340 227 1521 269 benignuS,

962 281 1095 317 Probus
1124 281 1158 314 in
1187 280 1252 314 Dei
1280 279 1426 322 legibus,

963 335 1153 373 Humanas,
1184 332 1305 370 iustus,
1327 329 1538 372 commodus,

962 384 1166 420 Laudabilis
1194 383 1229 416 in
1258 381 1422 426 moribus,

964 438 1095 472 Hilaris
1125 435 1232 470 vultu.
1262 433 1399 468 sobrius

964 489 1128 524 Caritatis
1156 488 1190 520 in
1220 485 1376 528 floribus,

963 541 1156 575 Decoratus
1185 537 1366 573 ordinibus

962 594 1090 628 Factus
1119 591 1233 634 palam
1263 588 1478 625 mortalibus

964 735 1007 771 In
1037 736 1221 779 scripturis
1249 736 1416 778 eruditus,

966 789 1159 831 Inspiratus
1189 787 1369 829 divinitus,

964 841 1003 874 In
1031 840 1258 874 sacramentis
1286 839 1453 882 providus

965 891 1148 926 Canonicis
1175 889 1364 931 adfatibus,

966 943 1107 977 Veteris
1134 943 1214 977 novi
1242 943 1378 977 actibus

967 995 1181 1029 Testamenti
1208 993 1461 1038 praefulgidus,

968 1048 1124 1082 Fervens
1144 1046 1311 1093 spiritum
1320 1047 1490 1090 placidus,

968 1099 1043 1133 Deo
1071 1109 1171 1133 carus
1200 1103 1234 1132 et
1262 1099 1450 1142 piissimus,

964 1244 1129 1279 Kalcavit
1166 1243 1330 1278 mundum
1359 1243 1543 1278 subdolum

964 1296 1138 1331 Karitatis
1167 1306 1231 1339 per
1258 1296 1421 1340 studium,

965 1348 1151 1382 Kastitatis
1179 1348 1428 1389 firmissimum,

964 1401 1200 1435 Kontemnens
1229 1410 1329 1434 omne
1358 1401 1491 1446 vitium,

962 1453 1123 1487 Inserens
1152 1462 1271 1497 agrum
1299 1451 1471 1496 floridum,

961 1505 1088 1539 Pectus
1115 1505 1290 1539 adornans
1316 1504 1481 1550 lucidum,

962 1556 1126 1591 Divinum
1157 1556 1405 1600 habitaculum,

962 1609 1069 1643 Trino
1097 1609 1235 1643 nomine
1263 1608 1443 1643 sancitum.

962 1748 1177 1793 Lampadem
1207 1749 1400 1792 sapientiae

963 1802 1149 1837 Constituit
1176 1802 1209 1835 in
1239 1805 1391 1846 pectore,

961 1855 1000 1888 In
1029 1854 1192 1888 thesauro
1220 1854 1386 1887 scientiae

963 1906 1110 1941 Condito
1138 1905 1204 1940 Dei
1231 1915 1382 1950 munere,

962 1956 1200 1993 Infiammatus
1227 1967 1437 2000 magnopere

964 2012 1058 2045 Luce
1086 2020 1189 2044 verae
1216 2009 1379 2055 iustitiae,

961 2062 1148 2097 Exaltatus
1175 2061 1363 2095 munimine

963 2114 1082 2158 Legis,
1111 2113 1256 2157 spiritus
1283 2113 1435 2149 litterae.

960 2253 1122 2296 Magnum
1159 2252 1347 2296 apprendit
1379 2252 1539 2288 bradium

960 2306 1113 2339 Aeterna
1143 2305 1214 2338 vita
1243 2305 1448 2348 condignum

959 2356 1120 2399 Adeptus
1156 2361 1311 2390 sanctum
1348 2358 1537 2398 praemium

962 2408 1047 2442 Post
1074 2407 1228 2442 laborem
1256 2406 1502 2451 firmissimum,

961 2459 1067 2495 Cuius
1097 2458 1290 2502 perfectum
1317 2461 1477 2494 meritum

962 2511 1132 2545 Vocamus
1159 2511 1194 2544 in
1222 2510 1403 2555 auxilium,

960 2562 1009 2597 Ut
1035 2571 1228 2596 mereamur
1256 2563 1407 2597 omnium

961 2613 1130 2647 Vitiorum
1159 2613 1343 2649 excidium.
