1652 2872
112 151 183 187 106
436 150 516 178 Pars
540 150 566 178 I.
607 150 727 187 Hymni
751 151 965 188 antiquissimi
989 158 1070 178 saec.
1092 147 1232 178 V.—-X1.

481 300 536 333 98.
574 301 613 333 In
638 301 978 341 Transfiguratione
1003 299 1163 333 Domini.

662 366 716 394 Ad
749 368 989 395 Nocturnas.

366 460 397 495 1.
441 460 468 494 O
497 462 592 492 sator
619 469 745 501 rerum,
776 462 957 501 reparator
984 458 1072 499 aevi,

443 510 592 553 Christe,
621 520 682 544 rex
712 520 840 553 regum,
871 510 1054 543 metuende
1084 517 1218 551 censor,

443 562 494 596 Tu
522 571 643 604 preces
671 565 807 596 nostras
836 561 1036 603 pariterque
1063 559 1184 593 laudes

621 613 767 656 Suscipe
795 616 925 655 gratus.

365 708 399 741 2.
447 705 579 747 Noctis,
610 714 663 748 en,
694 714 795 738 cursu
823 704 887 737 tibi
916 707 996 737 vota
1024 703 1164 737 laudum

446 757 654 800 Pangimus3
684 760 836 798 praesta,
867 754 930 788 tibi
956 755 1026 788 sint
1053 758 1091 788 ut
1114 758 1210 799 apta,

446 809 586 850 Nosque
616 811 782 841 concentu
814 805 933 841 refove
961 806 1117 849 perenni,

622 859 777 892 Luminis
807 862 938 893 auctor.

368 954 406 988 3.
450 952 546 985 Inter
574 952 686 985 Eliam
718 952 931 994 Moysenque
960 955 1055 985 vates

445 1004 493 1039 Ut
520 1003 621 1036 iubar
649 1003 732 1036 solis
760 1002 849 1036 faeie
878 1001 1054 1046 refulgens

446 1055 622 1089 Candidas
652 1058 764 1088 vestes
792 1054 881 1088 nivis
908 1054 1019 1088 instar
1047 1054 1147 1088 almis

629 1106 681 1140 Tu
711 1107 885 1143 reserasti.

370 1197 405 1234 4.
449 1198 500 1231 Tu
529 1198 595 1232 Dei
623 1199 734 1242 patris
762 1204 863 1242 patre
891 1202 979 1233 teste
1007 1199 1124 1243 proles

442 1250 561 1293 Tuque
589 1254 786 1284 sanctorum
816 1251 920 1285 decus
948 1251 1163 1294 angelorum,

445 1302 496 1336 Tu
525 1303 617 1336 salus
646 1302 775 1344 mundi,
806 1304 870 1349 via,
901 1303 986 1347 vita,
1016 1303 1126 1336 virtus

622 1354 784 1389 Crederis
813 1363 899 1390 esse.

370 1449 406 1484 5.
450 1447 504 1481 Da
533 1448 606 1482 dies
635 1447 734 1482 nobis
763 1448 939 1490 probitate
967 1446 1098 1481 faustos

450 1499 577 1534 Mortis
604 1501 759 1542 ignaram
787 1500 972 1534 tribuendo
1001 1500 1117 1544 vitam,

452 1550 596 1594 Semper
623 1556 661 1586 ut
688 1556 824 1586 nostros
852 1556 911 1586 tua
939 1552 984 1586 sit
1011 1561 1074 1595 per
1101 1554 1199 1586 actus

627 1604 746 1638 Gloria
773 1613 912 1647 perpes.

371 1709 406 1743 6.
450 1707 522 1742 Ure
551 1717 610 1741 eor
637 1711 803 1751 nostrum,
833 1707 928 1741 iecur
956 1710 1059 1750 atque
1084 1706 1220 1741 lumbos

456 1760 539 1802 Igne
569 1760 686 1793 divino
713 1760 902 1803 vigilesque
930 1769 990 1793 nos
1020 1757 1086 1801 fae,

458 1811 602 1855 Semper
630 1812 793 1845 ardentes
822 1811 978 1845 manibus
1006 1811 1165 1845 lucernas

630 1863 678 1898 Ut
706 1868 896 1898 teneamus.

378 1968 409 2003 7.
452 1967 539 2002 Esto
567 1971 603 2001 tu
632 1970 750 2000 noster
778 1966 874 2000 cibus
902 1970 1005 2009 atque
1033 1970 1146 2010 potus,

453 2019 506 2052 Tu
534 2019 645 2060 labor,
674 2019 799 2063 virtus,
828 2019 975 2061 requies,
1005 2019 1173 2063 amictus,

454 2071 559 2105 Livor
588 2070 746 2113 absistat,
774 2073 900 2112 tumor,
929 2070 992 2114 ira,
1023 2070 1124 2104 luxus

629 2121 770 2155 Maeror
799 2125 833 2156 et
860 2122 981 2157 omnis.

377 2221 429 2260 8(
452 2225 585 2259 Lumen
614 2223 800 2259 infundens
829 2224 992 2259 tenebras
1021 2225 1165 2269 repelle,

452 2275 565 2311 Aufer
591 2276 709 2310 infesti
738 2277 878 2320 laqueos
910 2277 1055 2320 celydri,

456 2328 578 2362 Vincla
607 2328 798 2363 dissolvens
826 2329 995 2362 scelerum
1025 2327 1079 2362 fer
1106 2331 1202 2363 astra

633 2379 808 2415 Scandere
836 2380 946 2417 nobis,

381 2484 415 2519 9.
460 2483 591 2527 Gloria,
620 2484 741 2527 virtus,
770 2483 835 2517 tibi
863 2484 916 2529 sit,
948 2486 1096 2527 creator,

462 2534 594 2568 Cuncta
623 2536 680 2578 qui
709 2536 801 2569 solus
830 2535 983 2569 retinens
1011 2534 1194 2577 gubernas,

461 2586 500 2619 In
529 2587 652 2621 throno
681 2587 777 2630 regni
805 2587 878 2620 sine
906 2585 974 2620 fine
1002 2594 1147 2628 regnans

637 2638 763 2672 Trinus
791 2640 825 2671 et
854 2647 952 2671 unus.
