1652 2872
420 167 598 206 Appendix.
620 182 660 187 -
683 166 717 194 B.
748 165 827 193 Tres
850 164 959 202 hymni
981 164 1141 202 Anonymi
1161 164 1344 203 Augiensis.

478 272 538 307 19.

474 550 533 584 20.

477 830 536 866 21.

477 1112 536 1148 22.

475 1394 536 1429 23.

477 1676 538 1712 24.

476 1958 536 1993 25.

477 2241 536 2275 26.

476 2510 538 2545 27.

580 270 705 305 Orbita
732 269 882 312 septima
907 268 989 302 solis
1018 269 1078 304 ubi

579 322 624 356 Se
651 320 761 356 radiis
789 320 959 354 reseravit
987 320 1029 364 ei,

579 373 682 407 Lucis
709 382 827 406 amore
854 371 991 414 cibique
1017 370 1168 417 flagrans

578 424 677 459 Misit
704 424 750 458 ad
778 424 849 457 alta
877 432 999 467 preces
1027 424 1207 465 querulas:

582 548 676 594 „Iam
705 548 799 593 satis,
830 557 920 587 ecce,
951 547 999 581 lui
1027 547 1216 589 scelerum3

576 601 711 642 Quaeso
740 599 815 634 dari
841 600 959 634 veniae
988 599 1150 642 spatium.

578 653 673 693 Quae
701 651 832 693 petitis,
861 650 1046 685 manifesta
1076 651 1186 693 dabog

576 703 652 738 Hac
680 713 764 738 nece
792 713 846 737 me
875 704 1027 738 relevate
1056 701 1192 738 modo.“

582 829 665 863 Post
695 838 735 863 ea
764 828 857 863 diota
886 838 1007 863 manus
1035 828 1195 862 iuvenum

579 881 736 915 Funibus
766 880 930 915 exhibitis
959 881 1121 915 miserum

585 933 756 967 Faecibus
785 933 966 976 eripiendo
993 932 1057 966 luti

581 985 755 1029 Exposuit
783 995 888 1029 super
915 995 976 1019 ora
1004 985 1082 1019 laci.

583 1110 749 1146 Praevius
778 1110 837 1144 ille
865 1111 977 1153 gradu
1006 1109 1115 1153 celeri

581 1163 685 1198 Venit
712 1163 757 1197 ad
787 1172 894 1206 usque
922 1163 1036 1197 locum
1062 1163 1195 1205 tumuli,

577 1215 723 1249 Munera
753 1214 810 1257 qui
839 1214 1037 1249 veneranda
1066 1214 1178 1248 crucis

579 1267 705 1301 Clausa
733 1267 803 1301 suis
832 1266 954 1300 habuit
979 1266 1135 1301 latebris.

582 1393 668 1428 Inde
696 1393 845 1426 viriliter
871 1391 1032 1426 infodere

580 1445 704 1488 Coepit
730 1445 766 1479 in
792 1445 861 1479 ima
890 1449 1033 1488 patente
1061 1444 1194 1487 scrobe,

580 1497 752 1531 Praetulit
780 1500 814 1531 et
842 1507 903 1531 sua
933 1501 1012 1531 vota
1039 1497 1120 1540 polo

578 1549 693 1583 Dante
721 1548 825 1584 fidem
854 1548 993 1583 sibimet
1020 1549 1180 1584 Domino.

581 1675 718 1709 Enituit
746 1674 870 1717 crucis,
900 1684 992 1718 eece,
1022 1675 1127 1709 decus

580 1726 778 1761 Candidula
805 1727 884 1760 nive
911 1726 1080 1768 lucidius,

582 1779 674 1813 Hine
701 1779 788 1813 odor
816 1778 889 1813 exit
917 1779 1126 1813 aromaticus

579 1831 729 1865 Neetare
756 1829 922 1865 mellifluo
949 1831 1068 1865 satius.

581 1955 688 1989 Forte
716 1956 828 1989 erucis
856 1955 942 1990 inibi
970 1956 1126 1999 geminae

579 2008 662 2043 Cum
691 2008 792 2042 simul
820 2008 885 2042 hac
913 2006 1052 2043 fuerant
1079 2008 1180 2051 aliae,

581 2062 666 2096 Cum
695 2061 842 2095 Domino
871 2060 994 2103 quibus
1018 2064 1099 2095 ante
1128 2060 1178 2094 rei

581 2113 648 2147 Pro
676 2113 809 2146 meritis
838 2111 977 2147 fuerant
1002 2113 1119 2156 positi.

576 2238 630 2273 De
657 2237 781 2281 quibus
809 2238 943 2272 exstitit
968 2238 1177 2282 ambiguum,

579 2291 674 2333 Quae
703 2289 794 2324 foret
821 2289 884 2325 illa
912 2288 1028 2325 ferens
1056 2290 1252 2336 Dominum,

580 2342 665 2377 Cum
692 2343 867 2385 perimens
894 2342 1075 2377 moriendo
1102 2351 1222 2377 necem

581 2393 749 2430 Restituit
775 2393 912 2438 superis
939 2394 1123 2429 hominem.

582 2508 767 2543 Moenibus
794 2507 892 2542 urbis
919 2511 956 2543 at
981 2508 1116 2544 interea

582 2560 720 2595 Prodiit
748 2559 915 2594 exanimis
943 2559 1050 2595 vidua

580 2612 659 2647 Non
687 2611 828 2646 minimo
854 2612 983 2655 populo
1011 2613 1136 2647 comite

583 2663 854 2698 Commiserante
882 2664 984 2697 situm
1012 2665 1170 2701 miserae.

1517 165 1592 202 253
