1652 2872
216 139 258 168 11.
291 139 340 168 De
363 138 497 168 Sanctis.
521 153 558 158 ——
580 139 616 167 Β.
638 137 758 174 Hymni
781 135 820 164 de
843 135 968 164 Sanctis
990 137 1126 174 Proprii.
1170 138 1219 166 De
1242 147 1266 166 s.
1290 137 1446 166 Cornelio.
1486 135 1559 174 173

140 240 299 270 erscheint
323 251 356 270 es
380 240 652 275 wahrscheinlich‚
676 238 744 268 dass
768 243 819 267 uin
838 237 912 274 jene
936 239 1003 268 Zeit
1024 239 1079 268 der
1095 241 1239 278 Hymnus
1263 240 1423 279 gedichtet
1444 240 1561 274 wurde,

139 282 302 311 vielleicht
322 283 356 310 in
380 280 481 311 Priene«
504 282 611 312 selbst.
656 281 703 310 Ob
727 289 790 308 von
812 280 882 309 dem
908 281 950 308 im
975 279 1002 309 9.
1025 281 1137 310 Jahrh.
1160 282 1231 311 dort
1253 282 1406 312 lebenden
1430 281 1562 311 Dichter

140 323 432 352 Wandalbert‘?
453 324 535 362 1Vgl.
558 323 617 351 den
636 323 783 359 Hymnus
802 323 856 350 Nr.
882 319 962 355 131.)
998 321 1075 351 Stiel
1100 323 1161 351 und
1178 323 1295 352 Metrik
1317 322 1410 355 {auch
1425 323 1561 358 Elision,

139 365 192 393 die
217 364 286 392 hier
310 365 482 403 allerdings
505 364 611 401 hiiufig
632 363 824 397 vorkommt)
843 362 1013 392 schliessen
1036 363 1091 392 ibn
1114 365 1202 393 nicht
1224 374 1291 394 aus.
1315 382 1353 385 —
1375 366 1471 394 Mone
1492 365 1561 399 (ΠΙ,

139 404 212 442 250)
239 407 338 434 meint
366 415 436 434 zum
462 405 612 436 Gedicht:
644 405 703 443 „da
733 414 765 433 es
794 406 898 433 seiner
926 404 1125 434 klassischen
1148 406 1266 435 Meti-ik
1294 407 1375 435 nach
1405 416 1462 435 aus
1492 406 1562 435 dem

139 445 167 475 5.
183 447 401 476 Jahrhundert
422 448 473 481 ist,
499 457 534 476 so
556 446 670 484 gehtirt
692 456 724 475 es
741 456 780 475 zu
796 446 856 475 den
871 445 1007 474 altesten
1022 447 1285 476 Kirchenliedern
1300 446 1562 476 Teutschlands“.

141 488 310 518 Chevalier
338 488 395 517 hat
423 488 512 518 recht
541 488 640 516 daran
668 491 780 526 getan,
814 486 883 516 dass
915 497 948 516 er
976 488 1065 525 (Rep.
1095 488 1212 526 Hymn.
1245 486 1364 526 20832)
1393 500 1431 518 zu
1461 490 1564 518 dieser

139 531 460 568 Altersbestimmung
484 530 539 565 „V.
564 527 664 558 saec.“
688 527 882 567 wewiqstens
905 530 957 557 ein
982 527 1032 567 „TW
1058 533 1178 567 gesetzt
1200 529 1263 560 hat.

442 693 515 725 150.
549 693 591 724 In
615 692 872 726 Translatione
896 701 927 726 s.
953 691 1116 725 Cornelii
1139 692 1277 734 Papae.

464 759 644 796 Hymnus
674 757 865 788 Monaehi
897 757 1248 797 Compendiensis.

145 866 179 902 1.
222 865 323 911 Redi,
354 874 458 909 papa,
488 865 567 907 iam,
598 865 748 905 Corneli,
889 866 922 901 6.
966 865 1016 899 Te
1043 875 1142 900 senes
1170 875 1324 908 anusque
1352 865 1464 908 simul⁷

273 917 317 952 ad
346 918 437 952 ovile
466 918 658 964 proprium,

224 969 323 1012 Quod
352 969 416 1003 tibi
444 969 539 1004 Deus
570 970 700 1005 dicavit

274 1032 363 1056 novo
390 1022 426 1056 in
455 1022 631 1066 coenobio,

223 1073 272 1110 Ut
300 1077 511 1108 maerentem
541 1074 601 1108 diu
629 1083 767 1117 gregem

274 1126 311 1160 in
340 1125 476 1160 Christo
504 1125 683 1161 laetifices.

175 1259 182 1266 .
226 1230 315 1264 Nam
344 1231 433 1265 sicut
460 1231 603 1266 absente
631 1234 731 1275 patre

279 1283 350 1317 cari
376 1283 494 1327 lugent
522 1283 585 1318 filii

224 1334 272 1368 Et
299 1335 464 1378 magistro
493 1335 694 1370 discedente

277 1387 438 1421 dubitant
466 1387 640 1432 discipuli,

226 1438 281 1472 Ita
308 1443 342 1473 te
370 1439 513 1474 absente
542 1450 679 1474 maeror

279 1501 341 1526 nos
369 1492 516 1527 involvit
542 1492 678 1527 nimius.

179 1621 186 1628 .
229 1595 320 1639 Lupi
346 1596 437 1630 enim
465 1606 527 1630 nos
556 1606 700 1641 rapaces

280 1648 483 1683 invaserunt
510 1649 673 1693 undique,

231 1701 417 1743 Postquam
445 1704 503 1735 tua
532 1701 722 1744 corporalis

281 1752 451 1787 abscessit
477 1754 687 1796 praesentia,

231 1804 404 1839 Caedibus
433 1808 609 1840 vastantes
637 1805 773 1849 plebem

283 1860 317 1890 et
346 1857 465 1892 domos
493 1857 667 1894 incendio.

182 1985 188 1992 .
231 1960 301 1995 Sed
329 1972 391 1996 nos
420 1962 513 1997 Deus
540 1966 644 2007 atque
671 1966 766 1997 tuum

284 2015 438 2056 protexit
465 2015 668 2050 coenobium

232 2065 306 2099 Nec
333 2067 492 2109 permisit
519 2067 606 2101 illud
635 2071 770 2111 gentem

283 2117 510 2153 barbarorum
539 2123 692 2163 tangere,

233 2169 286 2203 Ne
312 2171 480 2213 gauderet
507 2171 664 2206 inimicus

285 2222 356 2256 eius
383 2223 418 2257 in
447 2223 595 2259 excidio.

185 2355 192 2362 .
235 2326 355 2371 Surge,
383 2332 515 2374 pastor,
546 2330 634 2371 veni,
666 2330 798 2371 doctor,

286 2379 357 2413 noli
383 2390 515 2415 moram
542 2380 657 2415 facere

235 2430 282 2464 Et
310 2436 464 2466 errantes
491 2433 581 2467 sicut
608 2443 689 2467 oves

288 2483 411 2527 collige
440 2485 649 2529 discipulos3

238 2535 348 2570 Decet
374 2536 463 2570 enim
492 2537 652 2571 habitare

289 2587 324 2621 in
353 2588 452 2622 domo
481 2589 670 2623 unanimes.

1017 918 1158 953 iuvenes
1187 921 1221 952 et
1248 917 1398 961 parvuli,

968 969 1089 1004 Clerus
1118 979 1217 1005 sacer
1244 973 1278 1004 et
1305 970 1403 1014 plebs
1432 969 1542 1003 omnis

1019 1022 1199 1056 invitando
1227 1022 1417 1062 clamitant,

969 1074 1073 1108 Caeci
1100 1083 1234 1117 quoque
1262 1078 1365 1117 atque
1393 1074 1508 1108 claudi

1021 1135 1097 1160 cum
1125 1126 1228 1160 turba
1257 1126 1435 1161 debilium.

920 1261 927 1268 .
971 1230 1073 1265 Solve
1102 1234 1232 1275 nostra,
1262 1234 1363 1265 orant
1391 1239 1519 1273 omnes,

1021 1287 1243 1326 peccatorum
1272 1283 1410 1317 vincula

969 1335 1016 1369 Et
1043 1339 1122 1378 post
1150 1339 1284 1378 strages
1313 1335 1520 1369 miserorum

1022 1397 1142 1430 pacem
1172 1387 1280 1421 redde
1308 1387 1449 1431 populo,

969 1439 1077 1482 Quam
1089 1439 1246 1474 Christus
1257 1440 1450 1474 ascendens
1460 1439 1574 1474 caelos

1020 1492 1162 1534 reliquit
1191 1491 1383 1534 discipulis.

922 1623 930 1631 .
972 1596 1102 1639 Impios
1133 1596 1178 1630 ad
1208 1596 1372 1639 pietatem

1024 1648 1200 1683 exorando
1225 1658 1350 1682 revoca

973 1701 1018 1735 Et
1048 1710 1192 1744 rapaces
1222 1700 1309 1734 doce
1337 1710 1399 1734 sua

1025 1753 1145 1797 largiri
1170 1753 1393 1798 pauperibus,

975 1805 1027 1839 Ne
1055 1815 1092 1839 se
1117 1805 1266 1839 invicem
1294 1804 1487 1840 mordendo

1027 1861 1274 1892 consumantur
1301 1857 1408 1894 ocius.

923 1990 930 1998 .
973 1962 1138 1998 Caritatis
1166 1962 1282 2009 ignem
1310 1962 1410 1996 nobis

1024 2016 1092 2049 tuis
1121 2025 1207 2058 auge
1236 2015 1410 2060 precibus,

973 2068 1036 2110 Qui
1065 2066 1237 2102 flammam
1268 2067 1470 2110 cupiditatis

1025 2120 1096 2154 suis
1125 2120 1234 2163 pellat
1262 2119 1384 2163 radiis⁷

974 2171 1047 2214 Qua
1076 2172 1222 2215 depulsa
1251 2171 1350 2206 nobis
1377 2174 1502 2205 cuncta

1026 2234 1164 2267 semper
1191 2228 1292 2258 erunt
1320 2233 1497 2267 prospera.

874 2329 934 2363 10.
978 2329 1162 2364 Civitatem
1190 2329 1292 2363 istam
1319 2333 1378 2362 tuo

1028 2381 1123 2415 muni
1150 2381 1355 2424 patrocinio,

980 2433 1075 2474 Quae
1102 2436 1137 2466 te
1165 2432 1306 2475 proprio
1334 2431 1489 2474 suscepit

1030 2485 1222 2527 gaudenter
1251 2483 1412 2529 hospitio,

979 2535 1032 2569 Ne
1060 2536 1198 2579 gentilis
1227 2546 1377 2578 unquam
1407 2535 1438 2568 ei

1030 2587 1166 2630 gladius
1193 2588 1406 2630 praevaleat.
