1652 2872
117 142 167 179 44
434 141 513 170 Pars
535 142 560 170 I.
605 143 725 180 Hymni
747 145 963 182 antiquissimi
986 153 1068 173 saec.
1091 145 1227 173 V.—XI.

116 248 151 281 3.
194 247 243 280 Te
271 246 500 288 deprecamur
526 246 713 290 supplieeS,
860 251 894 283 4.
937 247 996 290 Ut,
1027 248 1106 281 dum
1135 248 1232 289 gravi
1259 247 1295 280 in
1323 255 1468 288 corpore

195 298 242 333 Ut
270 306 331 330 nos
360 296 403 330 ab
433 297 531 330 hoste
559 297 698 338 liberes,
936 299 1041 332 Brevi
1069 308 1246 332 manemus
1273 301 1440 340 tempore,

194 348 248 381 Ne
276 348 389 382 valeat
417 349 583 382 seducere
937 350 994 383 Sic
1023 359 1102 383 earo
1130 354 1249 383 nostra
1277 349 1435 390 dormiat,

192 400 264 433 Tuo
293 399 491 442 redemptos
519 402 696 443 sanguine,
937 401 984 436 Ut
1011 410 1108 434 mens
1136 409 1295 443 soporem
1324 400 1466 434 nesciat.

486 527 520 560 5.
563 524 627 563 Sit,
657 524 806 564 Christe,
836 534 898 558 rex
926 524 1093 568 piissime,

562 575 642 609 Tibi
671 576 833 619 patrique
861 576 973 618 gloria

565 628 649 662 Cum
679 627 806 669 spiritu
835 626 1006 668 paraclito

561 678 608 712 Et
635 688 726 712 nunc
755 683 789 711 et
816 678 851 711 in
880 681 1098 720 perpetuum.

193 802 258 830 Rit.
279 804 309 830 et
332 801 450 838 Hymn,
474 810 530 829 ms.
553 800 802 829 Seheftlariense
825 809 906 828 saec.
932 797 979 828 lO.
1013 798 1092 828 Clm.
1114 799 1280 827 Monacen.
1307 797 1344 827 17
1354 797 1424 828 027.
1447 799 1485 828 A.
1504 815 1546 818 —

110 843 276 880 Martyrol.
305 846 335 871 et
359 842 527 870 Colleetar.
552 852 606 870 ms.
632 842 662 870 S.
686 842 809 870 Mariae
832 841 1048 878 Frisingensis
1072 849 1155 869 saec.
1182 838 1228 869 10.
1276 840 1354 870 Clm.
1377 841 1544 870 Monacen.

110 882 229 913 27305.
252 885 288 912 Β.
322 899 358 903 —->
383 884 477 920 Trop.
509 886 539 912 et
562 884 680 920 Hymn.
708 892 764 911 ms.
788 882 1011 911 Rhenoviense
1031 881 1064 917 (ἱ)
1081 882 1302 919 Sangallense)
1323 891 1406 911 saec.
1431 881 1477 911 11.
1501 883 1544 911 in.

111 926 187 956 Cod.
211 926 357 954 Turicen.
382 924 481 953 Rhen.
514 923 563 953 97.
588 924 620 952 C.
649 940 690 944 -—
713 925 830 961 Hymn.
861 931 918 952 ms.
943 923 1152 962 Sangallense
1180 921 1226 959 (‘?)
1255 932 1337 952 saec.
1370 922 1416 952 11.
1467 924 1542 953 Cod.

109 967 290 996 Berolinen.
330 963 424 994 ῩΙΙΙ0
456 965 481 994 1.
509 967 550 994 D.
577 981 618 984 —
654 966 771 1003 Hymn.
799 974 856 993 ms.
886 965 1045 994 Bobiense
1074 974 1156 993 saec.
1187 963 1235 993 11.
1290 965 1367 994 Cod.
1397 965 1543 994 Vatican.

109 1006 200 1037 5770.
230 1008 269 1037 Ε.
299 1025 335 1028 —-
368 1007 485 1044 Hymn.
514 1017 571 1036 ms.
603 1008 788 1036 Veronense
816 1016 898 1035 saec.
929 1004 1008 1035 ¹⁰l11.
1053 1006 1128 1036 Cod.
1162 1007 1266 1044 Capit.
1290 1007 1448 1036 Veronen.
1471 1007 1545 1036 CIX

107 1047 200 1085 (102).
223 1049 257 1078 F.
280 1063 320 1069 ’-
343 1049 441 1077 Psalt.
466 1056 523 1078 ms.
547 1049 731 1077 Veronense
757 1056 840 1076 saec.
866 1045 912 1076 12.
937 1057 984 1076 ex.
1029 1047 1106 1076 Cod.
1130 1048 1235 1085 Capit.
1258 1048 1417 1077 Veronen.
1440 1047 1545 1077 CVIII

107 1089 200 1126 (101).
224 1091 260 1120 G.
288 1106 327 1109 —
351 1090 518 1118 Colleetar.
543 1094 574 1118 et
596 1090 713 1126 Hymn.
737 1098 794 1117 ms.
818 1089 1001 1118 Exoniense
1022 1090 1146 1127 (postea
1168 1089 1278 1127 Epise.
1301 1088 1440 1125 Leofrie)
1462 1098 1543 1119 saec.

113 1131 161 1161 11.
213 1132 288 1160 Cod.
311 1131 491 1159 Londinen.
515 1131 606 1160 Harl.
637 1128 728 1159 2961.
753 1132 792 1159 H.
820 1146 861 1150 ——
883 1130 978 1159 Grad.
1009 1134 1040 1160 et
1061 1130 1235 1168 Antiphon.
1266 1140 1324 1160 ms.
1346 1131 1545 1160 Nivernense

109 1183 191 1203 saec.
218 1171 266 1201 12.
306 1172 383 1202 Cod.
401 1173 539 1201 Parisin.
556 1173 661 1201 Nouv.
685 1181 754 1209 aeq.
779 1169 868 1201 1235.
892 1173 917 1201 I.
940 1188 980 1191 —
995 1171 1084 1200 offic.
1111 1176 1142 1200 et
1156 1172 1233 1201 Vita
1255 1182 1312 1200 ms.
1337 1171 1368 1200 S.
1384 1173 1545 1201 Barbarae

107 1214 330 1251 (Caelestinor.
365 1214 642 1250 Ambianensium)
676 1223 759 1242 saec.
795 1212 842 1241 15.
899 1213 975 1242 Cod.
1009 1214 1090 1251 priv,
1123 1212 1171 1250 (L.
1204 1213 1400 1250 Rosenthal).
1434 1215 1473 1243 K.
1506 1232 1543 1235 ——

109 1257 202 1285 Brev.
226 1265 282 1284 ms.
306 1255 519 1293 Hispanicum
543 1265 624 1286 saec.
650 1253 730 1285 ΠΧΩ.
775 1255 852 1284 Cod.
875 1255 1054 1284 Londinen.
1078 1255 1157 1283 Add.
1180 1252 1297 1284 30848.
1321 1256 1358 1284 L.

196 1296 221 1331 1,
249 1295 262 1325 1
287 1297 361 1325 Iesu
384 1297 527 1325 salvator
549 1297 601 1326 GI.
628 1312 664 1316 ——
690 1295 718 1331 2,
741 1294 761 1326 3
783 1297 929 1326 laborum
951 1296 990 1325 Ε.
1014 1312 1051 1316 ——
1075 1295 1104 1332 2,
1127 1296 1146 1325 4
1171 1305 1295 1325 recreas
1319 1297 1353 1326 C.
1378 1313 1416 1316 —
1441 1297 1502 1326 Str.
1525 1294 1545 1325 3

108 1349 137 1368 u.
169 1337 190 1367 4
220 1338 402 1377 umgestellt
424 1338 461 1366 E.
493 1353 532 1357 —
560 1337 596 1373 3,
625 1336 644 1367 3
668 1339 743 1367 Nec.
767 1338 805 1366 E.
838 1354 879 1357 —
902 1336 937 1372 3,
967 1337 987 1366 4
1009 1339 1095 1367 Tuos
1118 1339 1157 1367 Κ.
1180 1354 1220 1358 —
1243 1337 1274 1374 4,
1304 1337 1324 1367 4
1347 1348 1434 1368 mens
1458 1339 1491 1367 in
1514 1342 1544 1367 te

108 1380 286 1419 pervigilet,
301 1381 332 1414 I,
363 1381 396 1408 in
420 1379 546 1409 Christo
570 1380 683 1417 vigilet
704 1380 743 1408 K.
771 1395 811 1399 —
833 1379 868 1413 4,
895 1379 908 1408 1
934 1381 976 1407 ist
1001 1380 1085 1408 wohl
1111 1379 1303 1418 Anlehnung
1326 1390 1366 1408 an
1389 1379 1423 1417 6,
1447 1378 1466 1408 2
1490 1380 1544 1409 des

109 1423 256 1460 Hymnus
275 1419 421 1459 „thri-ste
445 1421 503 1458 qui
528 1421 587 1450 lum
609 1429 640 1450 es
665 1422 693 1449 et
716 1419 804 1450 dies-⁴
826 1421 892 1455 (Nr.
910 1419 974 1457 22),
998 1431 1037 1449 zu
1059 1420 1089 1456 4,
1111 1419 1131 1450 3
1147 1431 1192 1457 sq.
1209 1421 1270 1458 vgl.
1289 1422 1344 1450 Nr.
1366 1420 1412 1458 19,
1438 1422 1498 1451 Str.
1516 1420 1544 1456 5,

107 1462 127 1493 3
151 1473 195 1502 sq.
222 1465 235 1492 I
254 1463 387 1492 beniitzt
410 1463 471 1491 den
486 1464 634 1501 Hymnus
657 1462 708 1491 fiir
731 1461 781 1492 die
805 1463 951 1500 Complet
974 1463 1028 1491 der
1053 1460 1222 1495 Osterzez't:
1249 1463 1346 1492 daher
1369 1465 1440 1494 in.I
1462 1463 1545 1492 nach

110 1505 171 1534 Str.
194 1503 214 1533 4
229 1505 279 1534 die
303 1504 456 1542 strophe:
481 1506 691 1540 Quaesumus,
717 1508 827 1534 auctor
844 1505 982 1533 omnium
1004 1502 1007 1542 ὶ
1028 1505 1065 1533 In
1080 1504 1138 1533 hoe
1155 1504 1299 1543 paschali
1318 1508 1392 1542 etc.;
1414 1506 1478 1534 und
1494 1505 1545 1534 die

109 1546 306 1582 Doxologie:
330 1546 443 1575 Gloria
465 1547 524 1575 tibi
541 1547 678 1575 Domine
698 1544 702 1584 l
723 1547 785 1582 Qui
809 1547 975 1575 surrexisti
992 1555 1011 1574 a
1026 1547 1161 1575 mortuis
1178 1550 1236 1575 ete.
1253 1561 1292 1566 —
1309 1548 1335 1575 A
1352 1557 1382 1576 u.
1399 1548 1424 1575 B
1440 1547 1545 1576 haben

110 1588 163 1616 die
185 1587 404 1626 gewfflinliche
421 1587 617 1627 Doxologie:
650 1588 785 1617 Praesta
808 1591 898 1624 pater
921 1588 1065 1625 piissime
1085 1587 1089 1624 Ι
1109 1588 1262 1625 Patrique
1278 1597 1408 1626 compar
1424 1592 1482 1617 eto.
1505 1604 1546 1608 —-

108 1630 138 1659 K
171 1629 330 1667 hingegen
363 1629 486 1658 wendet
520 1629 581 1658 den
614 1630 762 1666 Hymnus
797 1630 853 1658 auf
882 1629 932 1658 die
966 1628 1010 1658 hl.
1041 1627 1199 1658 Barbara
1233 1639 1273 1658 an
1307 1630 1371 1659 und
1407 1630 1463 1659 hat
1495 1630 1545 1659 die

106 1671 302 1709 Doxologie:

358 1723 501 1757 Praesta,
525 1723 598 1751 Iesu
622 1723 775 1760 piissime,
798 1720 801 1759 Ι
823 1723 934 1751 Mundi
958 1723 1138 1761 redemptor
1159 1723 1280 1759 inclite,

356 1764 400 1793 Ut
424 1764 585 1793 Barbarae
608 1763 768 1802 suffragiis
789 1761 792 1802 Ι
814 1764 902 1793 Caeli
924 1765 1067 1793 fruamur
1089 1765 1226 1802 gaudiis.

191 1856 218 1885 A
242 1858 285 1886 ist
308 1856 389 1886 ohne
412 1857 510 1891 Titel;
534 1858 578 1887 B:
611 1857 778 1894 „Hymnus
803 1857 841 1885 ad
865 1857 1108 1895 completorium
1132 1856 1282 1886 ommibus
1306 1857 1472 1895 woctz'busg
1503 1859 1544 1888 C:

113 1896 226 1936 „item‘·'
258 1912 298 1921 Ξ
335 1900 387 1933 „in
420 1896 556 1927 arb-enta
586 1896 748 1928 Domini“.
780 1914 820 1918 -—
849 1900 887 1928 In
917 1899 1008 1928 Anal.
1039 1900 1158 1936 Hyinn.
1188 1899 1299 1935 XXX,
1332 1899 1389 1929 177
1420 1902 1462 1929 ist
1491 1901 1544 1929 ein

111 1939 256 1969 Officium
280 1938 520 1973 Desmzctorum
545 1940 724 1978 mitgeteilt,
748 1941 781 1969 in
805 1941 874 1969 dem
899 1941 954 1969 der
976 1941 1123 1978 Hymnus
1147 1941 1188 1970 ad
1210 1942 1369 1981 Vesperas
1391 1942 1443 1971 die
1466 1942 1546 1970 zwei

110 1984 214 2010 ersten
231 1981 388 2019 Strophen
410 1982 480 2010 dem
496 1982 729 2011 vorstehenden
745 1983 893 2019 Hymnus
914 1982 1056 2011 eutlehnt
1071 1982 1127 2011 hat
1142 1986 1234 2011 unter
1249 1983 1464 2022 Anderungen
1480 1992 1543 2011 von

111 2021 140 2057 2,
163 2020 182 2051 3
208 2033 253 2060 sq.
278 2031 333 2052 zu:
357 2023 471 2052 Fessas
494 2024 603 2052 labore
627 2025 732 2061 recipe
752 2021 756 2060 Ι
775 2024 845 2052 Tua
868 2025 985 2061 pietate
1009 2025 1142 2053 animas.
1186 2025 1295 2053 Damit
1319 2026 1360 2054 ist
1383 2035 1422 2054 zu
1443 2024 1543 2062 vergl.

109 2064 164 2092 der
190 2065 336 2101 Hymnus
362 2065 508 2101 gleiehen
530 2065 690 2102 Anfanges
717 2065 765 2093 bei
788 2065 883 2093 Mone
907 2065 930 2099 I,
954 2063 1025 2094 399.

194 2106 259 2134 Der
288 2106 434 2143 Hymnus
463 2106 547 2135 lebte
577 2107 640 2134 fort
668 2107 718 2135 bis
748 2107 797 2134 ins
827 2105 874 2134 16.
896 2106 1115 2135 Jahrhundert
1145 2107 1179 2134 in
1209 2107 1316 2136 vielen
1346 2107 1542 2145 gedruckten

110 2147 296 2182 Brevieren3
321 2147 376 2175 cfr.
400 2147 578 2179 chevalier,
602 2148 680 2185 Rep.
704 2148 822 2185 Hymn.
847 2148 901 2176 Nr.
925 2145 1006 2176 9649
1029 2157 1060 2176 u.
1084 2145 1174 2176 9680.

594 2350 646 2383 46.
683 2351 734 2383 Ad
759 2351 1063 2392 completorium.

115 2468 148 2501 1.
192 2467 353 2501 Salvator
380 2467 509 2506 mundi,
539 2468 697 2512 Domine,
860 2471 893 2506 2.
935 2469 1069 2503 Adesto
1098 2478 1188 2502 nunc
1215 2468 1386 2511 propitius

191 2518 257 2560 Qui
284 2528 348 2551 nos
378 2519 521 2552 salvasti
549 2519 663 2563 hodie,
935 2521 983 2554 Et
1010 2530 1116 2563 parce
1143 2519 1432 2563 supplicantibuS,

190 2570 232 2604 In
260 2570 326 2603 hac
355 2574 456 2604 noete
483 2580 545 2604 nos
574 2575 716 2615 protege
937 2572 989 2605 Tu
1019 2572 1096 2605 dele
1123 2575 1242 2605 nostra
1271 2570 1424 2616 crimina,

191 2621 238 2656 Et
265 2621 362 2656 salva
392 2622 485 2655 omni
513 2626 682 2665 tempore.
936 2623 989 2656 Tu
1016 2622 1180 2658 tenebras
1208 2622 1377 2665 illumina,
