1652 2872
373 130 401 158 A
436 127 462 157 1.
495 129 616 165 Hymni
639 128 677 157 de
699 128 855 166 Tempore
879 127 1078 156 Communes.
1101 143 1142 146 —
1164 127 1270 156 Series
1292 128 1318 158 I.
1534 127 1581 165 19

684 269 738 302 18.
773 270 825 302 Ad
848 269 1008 310 Vespers

153 369 188 404 1.
229 367 336 411 Deus,
366 365 424 408 qui
452 366 555 399 certis
583 365 717 408 legibus
901 367 936 401 3.
979 365 1098 399 Hostis
1126 375 1169 399 ne
1197 365 1307 400 fallax
1335 366 1456 400 incitet

226 418 372 452 Noctem
403 417 570 451 discernis
598 426 639 450 ac
668 417 770 463 diem,
976 417 1133 451 Lascivis
1163 427 1264 451 crura
1292 418 1438 461 gaudiis,

227 471 275 506 Ut
304 468 397 503 fessa
428 469 519 503 curis
548 478 696 511 corpora
978 469 1120 502 Secreta
1147 470 1258 504 noctis
1287 470 1461 503 advocans

228 522 374 556 Somnus
404 521 537 555 relaxet
565 521 647 563 otio,
976 521 1134 554 Blandus
1163 521 1198 554 in
1227 525 1342 555 aestus
1371 522 1548 566 corporis,

152 628 188 662 2.
228 625 277 659 Te
305 625 416 658 noctis
443 624 536 658 inter
564 623 728 657 horridae
902 627 936 659 4.
980 623 1153 666 Subrepat
1181 624 1295 657 nullus
1323 624 1439 656 sensui

227 677 378 720 Tempus
405 686 608 719 precamur,
642 679 701 718 ut,
731 685 835 718 sopor
978 675 1114 709 Horror
1141 675 1275 708 timoris
1304 675 1410 718 anxii,

228 729 380 763 Mentem
424 728 504 762 dum
534 726 661 761 fessam
691 727 833 771 detinet,
977 727 1109 762 Illudat
1138 732 1285 760 mentem
1314 736 1377 760 nec
1406 737 1527 770 vagam

229 780 332 815 Fidei
360 781 419 814 lux
447 780 628 822 illuminet,
980 779 1106 813 Fallax
1134 779 1246 822 imago
1276 779 1430 820 visuum3

525 887 558 919 5.
604 883 685 928 Sed,
716 894 791 917 cum
821 882 1017 926 profundus
1046 883 1198 917 vinxerit

602 935 749 970 Somnus
779 946 938 969 curarum
967 936 1117 978 nescius,

605 986 712 1022 Fides
740 997 959 1030 nequaquam
989 987 1151 1028 dormiat,

604 1039 696 1083 Vigil
725 1044 759 1073 te
787 1049 907 1073 sensus
936 1039 1094 1073 somniet.

231 1129 329 1162 Psalt.
362 1134 393 1160 et
415 1132 533 1169 Hymn.
567 1141 622 1163 ms.
647 1132 757 1162 incert.
782 1132 897 1169 origin.
921 1140 1003 1162 saec,
1028 1128 1077 1159 sss.
1124 1130 1199 1159 Cod.
1224 1130 1371 1159 vatican.
1396 1131 1508 1168 Regin,
1538 1129 1585 1160 11.

151 1173 188 1202 A.
220 1189 256 1193 ——
284 1173 414 1202 Collect.
449 1178 480 1202 et
502 1174 620 1210 Hymn.
651 1183 709 1202 ms.
732 1173 943 1202 Murbacense
965 1173 989 1209 (ζ)
1000 1172 1173 1211 Augiense)
1204 1182 1286 1201 saec.
1309 1169 1348 1206 (8.
1373 1172 1415 1208 et)
1438 1170 1466 1201 9.
1508 1173 1585 1203 Cod.

151 1215 306 1244 Oxonien.
337 1214 426 1243 Bodl.
456 1215 526 1243 Iun.
557 1213 606 1243 25.
636 1215 672 1243 B.
706 1233 742 1235 —
775 1215 905 1244 Collect.
936 1218 967 1243 et
998 1215 1115 1251 Hymn.
1146 1224 1203 1242 ms.
1233 1213 1426 1243 Corbeiense
1449 1223 1532 1243 saec.
1556 1213 1584 1243 9.

152 1256 218 1286 Cod
250 1256 388 1285 Par-isin.
416 1254 532 1285 14088.
557 1256 589 1285 C.
615 1272 656 1276 —
681 1255 706 1292 1,
732 1255 753 1285 4
776 1257 894 1286 Somno
915 1257 951 1289 A,
976 1257 1129 1285 Somnum
1146 1256 1207 1285 BC.
1231 1271 1272 1275 —
1293 1253 1321 1290 2,
1347 1255 1366 1284 3
1389 1255 1527 1285 declinet
1548 1257 1584 1290 B,

151 1299 267 1327 retinet
294 1298 328 1327 C.
363 1314 399 1318 ——
431 1295 467 1332 3,
503 1297 517 1326 1
542 1299 643 1327 Hoste
668 1298 700 1327 C.
724 1315 763 1319 —
786 1296 819 1332 3,
851 1296 870 1326 2
895 1298 1039 1326 Lascivis
1070 1306 1145 1326 cura
1169 1298 1212 1331 Α,
1245 1298 1330 1326 curis
1354 1298 1416 1327 BC.
1444 1312 1478 1316 —
1503 1296 1537 1333 3,
1565 1297 1586 1327 4

153 1339 291 1369 Blandus
315 1340 357 1375 A,
387 1340 420 1367 in
451 1343 541 1368 aestu
570 1340 609 1375 C,
640 1340 673 1368 in
702 1341 763 1369 isto
797 1349 928 1377 corpore
958 1340 994 1368 B.
1020 1355 1060 1358 ἢ
1082 1338 1118 1373 4,
1149 1336 1167 1367 3
1197 1344 1300 1368 mente
1324 1339 1364 1374 C,
1389 1348 1428 1367 ne
1469 1349 1586 1378 vagam

152 1382 214 1410 BC.
245 1397 283 1401 —
313 1379 349 1415 4,
379 1380 400 1409 4
428 1382 514 1409 visui
537 1381 599 1410 BC.
622 1396 662 1401 —
685 1380 719 1417 5,
754 1380 767 1410 l
796 1381 975 1410 Secundum
1002 1380 1191 1418 profundum
1223 1381 1263 1415 C,
1296 1375 1468 1418 profundos
1492 1382 1528 1410 Β.
1548 1397 1588 1401 ——

153 1421 181 1457 5,
205 1420 224 1451 3
246 1422 340 1452 Fedis
362 1422 399 1458 A,
431 1423 541 1451 Fidem
564 1423 604 1459 Cg
635 1423 770 1453 dormiet
793 1424 826 1453 C.
853 1439 888 1442 -
913 1423 997 1451 Titel
1021 1424 1053 1450 in
1076 1423 1118 1451 A:
1158 1422 1324 1460 „Hymnus
1349 1423 1590 1460 vespertinus“;

154 1465 188 1493 in
213 1466 236 1493 B
265 1464 344 1493 fehlt
366 1474 415 1498 er·,
447 1466 480 1493 in
503 1464 544 1493 C:
577 1464 644 1501 „Ad
667 1463 856 1502 Vesperas“.
879 1480 920 1483 —
943 1464 1113 1493 Caesarius
1145 1464 1211 1492 und
1232 1464 1387 1493 Aurelian
1413 1473 1473 1493 von
1496 1465 1588 1494 Arles

155 1506 273 1535 ordnen
290 1506 351 1534 den
369 1506 515 1543 Hymnus
532 1515 573 1534 an
589 1506 636 1534 als
655 1507 714 1544 „ad
730 1504 935 1544 Vesperam“‚
959 1507 993 1534 in
1008 1505 1262 1543 Abwechselung
1280 1507 1336 1534 mit
1351 1505 1421 1534 dem
1440 1507 1588 1542 Hymnus

155 1547 208 1576 des
238 1547 282 1576 hl.
307 1548 492 1576 Ambrosius
519 1545 630 1584 „Deus
663 1549 789 1577 creator
817 1545 981 1576 om'niunst
1006 1545 1111 1580 (Anal.
1135 1548 1252 1584 Hymn.
1277 1548 1323 1584 L,
1352 1546 1416 1583 13);
1449 1548 1531 1576 auch
1555 1549 1588 1576 in

155 1589 180 1617 A
206 1585 286 1627 folgt
308 1589 454 1618 letzterer
477 1590 624 1626 Hymnus
647 1592 705 1618 mit
727 1590 797 1618 dem
813 1589 914 1618 Titel:
941 1589 1038 1625 „Item
1061 1588 1198 1626 hymnus
1221 1587 1454 1627 vespertinus“.
1479 1604 1518 1608 —
1541 1590 1586 1618 Zu

155 1630 296 1659 Unrecht
318 1631 401 1659 habe
423 1631 475 1659 ich
498 1631 731 1661 vorstehenden
755 1633 901 1669 Hymnus
924 1630 1032 1659 friiher
1054 1631 1115 1659 den
1138 1627 1421 1659 Mozarabischen
1438 1631 1588 1668 Hymnen

154 1672 334 1710 beigezahlt
355 1671 459 1709 (Anal.
486 1673 602 1709 Hymn.
626 1673 766 1708 XXVII,
797 1670 858 1705 801:
893 1681 966 1700 man
995 1672 1059 1710 vgl.
1090 1672 1162 1701 dort
1195 1672 1246 1701 die
1269 1673 1425 1701 Lesarten
1453 1681 1509 1702 aus
1533 1673 1589 1702 der

154 1715 248 1743 einen
270 1714 466 1751 gedruckten
490 1715 751 1744 mozarabisehen
775 1714 898 1751 Quelle.

696 1858 750 1891 19.
786 1858 838 1890 Ad
860 1856 1056 1898 Vesperas.

159 1943 192 1977 1.
235 1943 337 1976 Sator
373 1943 604 1987 princepsque
632 1947 838 1988 temporum,
904 1945 938 1981 3.
983 1943 1109 1978 Somno
1138 1953 1206 1977 non
1235 1944 1338 1978 cedat
1365 1943 1509 1986 spiritus

232 1995 371 2029 Clarum
403 1995 493 2028 diem
523 1995 701 2029 laboribus
980 1996 1141 2038 Vigilque
1170 1999 1284 2029 custos
1313 1996 1469 2037 corporis

231 2046 446 2089 Noctemque
475 2047 533 2089 qui
561 2048 744 2090 soporibus
979 2047 1097 2082 Metus
1125 2047 1245 2081 inanes
1274 2053 1404 2091 arceat,

232 2098 321 2132 Fixo
351 2099 534 2142 distinguis
563 2099 696 2144 ordine,
980 2100 1106 2134 Fallax
1138 2099 1294 2142 depellat
1321 2099 1498 2142 gaudium.

159 2204 194 2237 2.
236 2202 390 2236 Mentem
419 2207 456 2236 tu
485 2207 615 2236 castam
645 2203 768 2247 dirige,
904 2207 939 2241 4,
984 2204 1115 2237 Vacent
1144 2203 1270 2237 ardore
1299 2207 1442 2246 pectora

236 2254 392 2289 Obscura
419 2264 462 2288 ne
491 2255 629 2288 silentia
982 2255 1092 2289 Faces
1122 2265 1186 2289 nec
1214 2256 1303 2288 ullas
1331 2255 1494 2298 sentiant,

235 2306 291 2339 Ad
321 2307 398 2339 dira
427 2306 541 2340 cordis
571 2307 714 2341 vulnera
981 2307 1112 2341 Adfixa
1141 2316 1183 2340 ne
1212 2307 1428 2349 praecordiis

236 2357 330 2391 Telis
359 2362 542 2400 patescant
569 2358 690 2392 invidi.
982 2359 1111 2393 Mentis
1141 2359 1293 2401 vigorem
1320 2359 1499 2401 saucient3

559 2464 594 2496 5.
637 2461 718 2504 Sed,
749 2472 824 2496 cum
855 2461 993 2496 defessa
1021 2471 1168 2504 corpora

637 2514 756 2548 Somni
784 2515 950 2548 tenebunt
978 2513 1137 2556 gratiam,

638 2564 726 2599 Caro
755 2566 880 2610 quietis
910 2566 956 2599 sit
982 2575 1124 2607 memor,

638 2617 747 2651 Fides
775 2627 933 2661 soporem
961 2617 1106 2652 neseiat.
