1652 2872
579 135 617 163 Β.
650 133 771 170 Hymni
793 133 831 161 de
853 133 1008 171 Tempore
1030 133 1167 170 Proprii.
1518 133 1590 171 113

414 240 449 275 2.
491 239 613 284 Cerne,
643 236 736 280 quod
764 245 863 281 purO,
892 236 997 278 Deus,
1026 236 1063 270 in
1090 236 1220 272 honore

490 289 595 325 Plebs
622 292 682 322 tua
709 288 856 330 supplex
886 292 1027 323 resonat
1053 288 1089 323 in
1117 290 1206 332 aula,

493 342 618 375 Annua
646 339 741 373 cuius
770 340 916 373 redeunt
942 340 1086 374 colenda

663 391 836 433 Tempora
865 390 965 426 festa.

416 518 451 553 3,
494 516 592 549 Haec
621 515 742 548 domus
770 515 837 548 rite
867 514 930 548 tibi
960 514 1122 549 dedicata

496 566 672 606 Noscitur,
701 566 737 600 in
765 576 832 608 qua
859 566 1008 609 populus
1036 570 1210 600 sacratum

495 618 628 661 Corpus
657 618 801 652 assumit
829 617 915 652 bibit
945 622 979 652 et
1005 618 1098 652 beati

664 670 848 714 Sanguinis
877 670 1050 706 haustum.

424 798 459 831 4.
501 796 570 830 Hic
597 795 811 829 sacrosancti
838 795 960 829 latices
988 798 1149 829 veternas

496 848 641 882 Diluunt
671 848 790 890 culpas
819 848 1061 890 perimuntque
1089 857 1209 886 noxas.

497 900 695 935 Chrismate
723 909 806 934 vero
834 909 940 942 genus
970 904 1007 933 ut
1034 903 1172 934 creetur

666 951 963 987 Christicolarum.

419 1079 453 1112 5.
496 1076 564 1110 Hie
591 1076 685 1110 salus
714 1076 839 1118 aegris,
862 1075 1042 1109 medicina
1070 1073 1183 1118 fessis,

498 1129 630 1163 Lumen
657 1127 800 1172 orbatiS,
831 1128 999 1170 veniaque
1028 1127 1156 1160 nostris

496 1180 624 1214 Fertur
651 1179 801 1223 offensis,
835 1179 939 1212 timor
966 1183 1069 1222 atque
1097 1187 1233 1212 maeror

666 1232 814 1265 Pellitur
841 1231 962 1266 omnis.

418 1359 452 1393 6.
497 1356 682 1391 Daemonis
709 1365 814 1391 saeva
841 1355 933 1399 perit
959 1355 1018 1388 hio
1045 1354 1180 1398 rapina,

495 1409 666 1443 Pervieax
697 1411 886 1442 monstrum
915 1410 1019 1449 pavet
1047 1411 1080 1439 et
1108 1410 1243 1440 retenta

497 1460 654 1503 Corpora
683 1459 842 1502 linquens
871 1458 959 1501 fugit
987 1459 1021 1492 in
1050 1462 1199 1493 remotas

666 1512 770 1547 Ocius
797 1510 948 1544 umbras.

417 1636 453 1673 7.
495 1637 564 1671 Hic
590 1637 687 1670 locus
714 1645 840 1678 nempe
869 1635 1043 1669 vocitatur
1071 1634 1151 1668 aula

500 1689 604 1732 Regis
633 1687 792 1721 immensi
819 1687 987 1730 niveaque
1016 1687 1103 1720 caeli

492 1741 611 1785 Porta,
640 1749 728 1782 quae
757 1740 848 1773 vitae
877 1739 1026 1782 patriam
1055 1742 1213 1781 petentes

669 1792 811 1834 Accipit
840 1801 978 1835 omnes;

419 1918 452 1952 8.
498 1917 617 1952 Turbo
650 1926 751 1959 quam
780 1916 895 1950 nullus
923 1915 1035 1959 quatit
1065 1917 1123 1949 aut
1150 1917 1316 1957 vagantes

495 1969 648 2003 Diruunt
676 1968 770 2003 venti
798 1971 1050 2012 penetrantque
1077 1967 1198 2010 nimbi,

498 2021 577 2055 Non
606 2020 727 2055 taetris
755 2020 865 2054 laedit
893 2020 1010 2063 piceus
1039 2018 1192 2053 tenebris

669 2073 837 2107 Tartarus
866 2072 1023 2107 horrens.

423 2198 457 2232 9.
500 2198 712 2239 Quaesumus
741 2206 835 2240 ergo,
862 2196 968 2236 Deus,
999 2200 1035 2229 ut
1063 2205 1186 2230 sereno

500 2250 645 2283 Adnuas
672 2248 772 2282 vultu
799 2247 948 2282 famulos
975 2248 1182 2293 gubernans,

502 2301 567 2343 Qui
595 2300 646 2334 tui
675 2310 806 2334 summo
835 2299 1013 2333 celebrant
1041 2308 1158 2333 amore

672 2351 810 2386 Gaudia
835 2351 969 2394 templi.

401 2467 461 2501 10.
504 2466 611 2500 Nulla
637 2475 700 2499 nos
728 2466 820 2499 vitae
850 2464 979 2498 cruciet
1006 2464 1181 2508 molestas,

503 2517 580 2551 Sint
612 2517 686 2551 dies
714 2517 798 2551 laeti
825 2516 1052 2559 placidaeque
1081 2521 1210 2560 noctes,

506 2569 630 2603 Nullus
660 2578 701 2603 ex
728 2568 829 2602 nobis
858 2572 1024 2611 pereunte
1052 2569 1180 2602 mundo

674 2620 807 2655 Sentiat
835 2620 942 2662 ignes,

237 2681 378 2713 Blume,
397 2683 543 2708 Thesauri
559 2683 761 2714 hymnologici
778 2682 985 2713 Hymnarium.

1400 2678 1418 2709 (l)
