1652 2872
219 573 265 620 A
315 574 351 620 1.
403 573 599 634 Hymni
629 573 693 620 de
727 573 983 633 Tempore
1018 572 1343 620 Communes.

576 676 773 721 Series
808 678 980 736 prior.

444 883 476 916 1.
511 883 579 915 Die
602 883 797 916 Dominica
820 883 866 916 ad
890 884 1113 916 Nocturnas.

115 1009 122 1016 ‚
165 979 306 1013 Mediae
333 980 445 1014 noctis
472 984 608 1022 tempus
637 984 709 1024 est3

164 1031 375 1074 Prophetica
404 1041 470 1066 vox
499 1032 674 1075 admonet,

163 1083 329 1118 Dicamus
357 1084 480 1117 laudes
507 1088 546 1117 ut
575 1083 649 1117 Deo

163 1135 261 1169 Patri
289 1145 427 1178 semper
455 1145 496 1169 ae
524 1134 596 1168 filio

113 1255 122 1264 .
165 1228 293 1262 Sancto
321 1238 455 1271 quoque
484 1228 634 1271 spiritui.

164 1278 327 1315 Perfecta
354 1280 444 1314 enim
473 1281 612 1314 trinitas

163 1332 343 1375 Uniusque
371 1332 587 1366 substantiae

164 1385 361 1419 Laudanda
388 1384 488 1418 nobis
517 1393 654 1426 semper
683 1388 746 1420 est.

110 1505 118 1513 .
163 1478 346 1512 Terrorem
375 1482 513 1521 tempus
541 1478 606 1512 hoe
625 1478 743 1525 habet,

163 1530 248 1573 Quo,
279 1540 353 1563 cum
382 1533 538 1564 vastator
565 1530 708 1572 angelus

163 1584 324 1625 Aegypto
352 1586 498 1615 mortem
526 1582 654 1624 intulit,

163 1633 303 1667 Delevit
330 1634 573 1678 primogenita.

112 1754 120 1762 .
162 1727 259 1761 Haec
287 1728 386 1761 iustis
415 1727 499 1762 hora
527 1728 620 1762 salus
649 1731 700 1761 est

163 1779 226 1824 Et,
261 1790 345 1822 quos
372 1779 465 1813 idem
492 1784 574 1813 tunc
601 1780 744 1823 angelus

164 1833 279 1865 Ausus
307 1832 431 1874 punire
459 1843 526 1865 non
555 1836 629 1865 erat

165 1883 306 1926 Signum
336 1883 528 1918 formidans
556 1884 744 1926 sanguinis,

114 2003 122 2011 .
163 1977 344 2019 Aegyptus
372 1975 477 2010 flebat
505 1975 645 2010 fortiter

165 2028 353 2062 Tantorum
384 2029 460 2062 dira
488 2027 621 2069 funera,

165 2079 264 2114 Solus
293 2080 467 2124 gaudebat
496 2081 604 2115 lsrael

163 2132 256 2175 Agni
283 2136 462 2176 protectus
490 2132 666 2176 sanguine.

114 2252 121 2260 .
165 2225 237 2259 Nos
265 2235 347 2260 vero
376 2226 486 2260 Israel
515 2236 642 2267 sumus,

166 2278 353 2311 Laetamur
381 2278 415 2310 in
444 2283 489 2320 te,
518 2278 676 2321 Domine,

165 2329 309 2362 Hostem
339 2334 542 2372 spernentes
567 2334 600 2362 et
619 2330 745 2363 malum

166 2380 297 2415 Christi
326 2380 462 2414 defensi
489 2381 668 2424 sanguine.

115 2498 124 2507 .
166 2473 282 2516 Ipsum
319 2472 477 2516 profecto
515 2480 650 2517 tempus
683 2480 747 2516 est,

167 2525 240 2566 Quo
270 2535 352 2559 voce
380 2526 579 2568 evangelica

166 2577 340 2610 venturus
368 2587 515 2619 sponsus
545 2577 710 2620 creditur,

167 2627 278 2669 Regni
307 2628 466 2662 caelestis
493 2629 662 2665 conditor.

840 981 873 1015 8.

811 1479 871 1513 10.

811 1717 882 1763 11.‘

813 1978 872 2013 12.

814 2227 874 2263 13.

816 2474 875 2508 14.

917 981 1109 1015 Occurrunt
1138 984 1279 1013 sanctae
1308 979 1459 1022 virgines

915 1033 1061 1067 Obviam
1091 1037 1171 1065 tunc
1200 1032 1366 1065 adventui

917 1084 1103 1119 Gestantes
1133 1084 1245 1118 claras
1275 1083 1456 1125 lampadas

915 1137 1046 1179 Magno
1074 1136 1244 1169 laetantes
1275 1135 1421 1178 gaudi03

919 1230 1052 1264 Stultae
1082 1239 1163 1263 vero
1193 1232 1382 1271 remanent,
1414 1237 1501 1270 quae

915 1282 1099 1315 Extinctas
1137 1281 1265 1315 habent
1306 1279 1501 1323 lampadas,

915 1333 1063 1367 Frustra
1090 1334 1270 1375 pulsantes
1296 1332 1434 1366 ianuam

917 1386 1043 1420 Clausa
1069 1385 1138 1418 iam
1167 1385 1265 1428 regni
1294 1385 1400 1427 regia.

914 1479 1028 1520 Quare
1056 1478 1239 1521 vigilemus
1268 1477 1384 1511 sobrie

915 1530 1100 1565 Gestantes
1135 1534 1267 1563 mentes
1296 1529 1501 1572 splendidas

913 1582 1127 1617 Advenienti
1155 1587 1193 1616 ut
1222 1582 1301 1615 lesu

914 1634 1019 1678 Digni
1049 1644 1226 1668 curramus
1255 1633 1405 1670 obviam,

913 1729 1104 1771 Noctisque
1132 1728 1267 1762 mediae
1295 1732 1452 1770 tempore

915 1782 1043 1815 Paulus
1071 1790 1205 1823 quoque
1234 1786 1266 1812 et
1297 1780 1407 1813 Sileas

915 1833 1091 1868 Christum
1120 1832 1227 1865 vincti
1255 1832 1291 1864 in
1321 1841 1460 1865 earcere

915 1885 1163 1920 collaudantes
1192 1883 1295 1918 soluti
1325 1888 1416 1918 sunt.

914 1977 1026 2011 Nobis
1046 1977 1103 2010 hie
1122 1976 1271 2011 mundus
1292 1987 1412 2010 carcer
1428 1983 1477 2010 est
1493 1988 1501 2021 3

915 2030 964 2063 Te
992 2029 1184 2074 laudamus,
1226 2028 1363 2063 Christe
1391 2029 1498 2073 Deus,

915 2081 1018 2115 Solve
1046 2081 1162 2116 vinela
1191 2086 1414 2124 peecatorum

915 2134 954 2167 In
981 2138 1026 2176 te,
1055 2138 1185 2177 sancte,
1215 2133 1442 2168 credentium.

916 2226 1048 2269 Dignos
1076 2236 1138 2260 nos
1167 2225 1236 2267 fac,
1265 2236 1326 2260 rex
1358 2225 1471 2269 hagie,

916 2279 1039 2312 Futuri
1067 2278 1165 2321 regni
1194 2278 1315 2321 gloria,

914 2330 1076 2364 Aeternis
1104 2334 1142 2363 ut
1171 2338 1364 2363 mereamur

916 2382 964 2414 Te
992 2381 1155 2415 laudibus
1184 2381 1378 2418 concinere,

919 2473 1039 2507 Gloria
1067 2474 1159 2516 patri
1187 2474 1350 2518 ingenito,

917 2525 1037 2558 Gloria
1064 2526 1240 2568 unigenito

917 2577 1025 2611 Simul
1054 2586 1129 2610 eum
1158 2581 1277 2610 saneto
1306 2577 1431 2618 spiritu

916 2629 954 2661 In
983 2628 1194 2672 sempiterna
1221 2629 1369 2662 saecula.

1266 2687 1277 2716 1
1295 2694 1303 2699 „
