1652 2872
135 247 194 282 15.

134 486 193 521 16.

133 735 192 771 17.

131 984 189 1018 18.

131 1234 190 1268 19.

131 1485 190 1520 20.

132 1734 195 1769 21.

621 140 646 169 I.
679 139 728 169 De
750 139 820 168 Deo
843 140 875 167 et
895 137 934 168 de
956 139 1065 169 Beata-
1488 141 1562 178 265

238 246 292 280 Ex
321 246 397 289 quis
425 254 512 279 unus
540 243 716 278 invenitur

290 297 419 333 Christi
447 296 553 332 Iudas
581 295 750 336 traditor3

236 351 460 384 Instruuntur
495 348 591 381 missi
629 346 672 381 ab
711 346 815 385 Anna

288 401 479 445 proditoris
507 399 637 434 osculo.

236 486 406 520 Innocens
433 486 553 526 captus
581 485 720 516 tenetur

290 546 353 570 nec
380 544 576 578 repugnans
606 533 757 578 ducitur,

239 589 392 630 Sistitur,
422 586 520 620 falsis
549 590 728 628 grassatur

287 639 480 674 offerendus
508 638 642 673 Pontio.

235 734 385 768 Discutit
410 731 547 766 obiecta
574 740 728 777 praeses,

287 785 417 819 nullum
447 784 577 818 crimen
606 784 750 818 invenit.

235 837 323 878 Sed,
363 846 438 870 cum
475 836 578 870 turba
607 836 814 870 Iudaeorum

284 899 348 931 pro
377 889 488 923 salute
516 888 675 924 Caesaris

234 982 400 1016 Dicerent
415 982 590 1017 Christum
606 983 811 1025 necandum,

284 1034 396 1068 turbis
422 1038 560 1068 sanetus
588 1034 759 1077 traditur3

234 1086 354 1129 Impiis
383 1086 499 1120 verbis
528 1090 718 1129 grassatur,

283 1142 397 1182 sputa,
426 1138 536 1182 flagra
563 1140 723 1172 sustinet.

239 1232 415 1266 Scandere
443 1241 579 1266 crucem
608 1231 748 1266 iubetur

285 1285 450 1319 innocens
477 1295 542 1327 pro
569 1285 703 1330 noxiis余

234 1337 350 1371 Morte
381 1337 508 1381 carnis,
537 1346 637 1380 quam
659 1335 816 1379 gerebat,

284 1393 429 1423 mortem
459 1389 567 1424 vincit
594 1389 756 1423 omnium.

233 1483 320 1517 Tum
358 1483 466 1517 Deum
507 1483 656 1517 clamore
692 1493 816 1526 magno

286 1539 419 1578 patrem
463 1535 618 1579 pendens
655 1535 814 1579 invocat,

232 1587 330 1622 Mors
359 1591 476 1622 secuta
503 1587 658 1622 membra
686 1587 815 1623 Christi

287 1640 385 1674 laxat
411 1641 534 1674 stricta
562 1640 711 1675 vincula.

238 1733 326 1768 Vela
361 1734 485 1776 templi
511 1734 620 1768 scissa
648 1734 816 1777 pandunt,

292 1795 360 1819 nox
388 1786 551 1820 obscurat
578 1786 773 1829 saeculum,

239 1837 449 1872 Excitantur
478 1838 521 1872 de
548 1839 718 1881 sepulcris

293 1890 423 1924 dudum
453 1891 570 1924 clausa
596 1900 754 1933 corpora.

138 1986 197 2019 22.
239 1984 347 2019 Affuit
375 1984 507 2027 Joseph
534 1984 668 2025 beatus,

291 2046 415 2080 corpus
446 2037 552 2071 mirra
579 2037 742 2080 perlitum

238 2089 362 2123 Linteo
391 2089 469 2123 rudi
495 2089 638 2132 ligatum

291 2151 367 2175 cum
395 2141 515 2175 dolore
544 2141 712 2179 condidit,

134 2236 194 2271 23.
237 2235 371 2269 Milites
399 2245 541 2271 servare
569 2245 694 2280 corpus

289 2288 410 2322 Annas
439 2288 603 2331 princeps
631 2288 817 2331 praecipit,

240 2340 288 2375 Ut
315 2340 464 2380 videret,
494 2340 524 2373 si
552 2340 718 2383 probaret

291 2391 462 2436 Christus,
478 2393 570 2435 quod
581 2392 819 2437 spoponderat
830 2400 838 2434 余

133 2485 194 2519 24.
234 2485 407 2528 Angelum
436 2486 504 2520 Dei
532 2489 720 2520 trementes

292 2540 387 2571 veste
414 2539 577 2572 amictum
606 2537 768 2579 candida,

240 2589 303 2630 Qui
333 2590 484 2624 candore
513 2590 682 2624 claritatis

293 2641 402 2675 vellus
432 2641 514 2675 vicit
543 2642 710 2686 sericum3

884 244 944 278 25.

882 482 942 516 26.

883 732 942 767 27.

880 983 942 1017 28.

884 1233 945 1267 29.

883 1735 942 1769 31.

885 1986 943 2021 32.

884 2237 945 2272 33.

883 2486 942 2520 34.

987 243 1156 278 Demovet
1183 254 1305 279 saxum
1334 244 1507 289 sepulcro,

1038 295 1155 339 Surgit
1183 296 1342 331 Christus
1370 297 1514 340 integer.

985 346 1082 380 Haeo
1114 348 1207 382 videt
1236 349 1385 390 Iudaea,
1416 349 1564 383 mendax

1036 399 1120 433 haec
1159 404 1281 443 negat,
1320 410 1396 434 cum
1424 401 1564 435 viderit.

985 482 1152 516 Feminae
1193 483 1342 525 primum
1384 488 1566 518 monentur

1038 534 1245 568 salvatorem
1277 535 1406 579 vivere,

986 586 1078 627 Quas
1107 586 1236 620 salutat
1260 587 1336 629 ipse
1364 592 1526 630 maestas,

1040 638 1190 681 complet
1219 638 1338 672 tristes
1365 640 1510 684 gaudio3

985 731 1098 775 Seque
1126 742 1146 766 a
1172 732 1316 766 mortuis
1343 736 1490 774 paterna

1038 784 1241 818 suscitatum
1271 784 1416 819 dextera

984 836 1104 870 Tertia
1133 836 1189 870 die
1217 836 1350 870 redisse

1037 889 1173 922 nuntiat
1202 889 1383 931 apostolis,

984 982 1066 1016 Mox
1094 982 1233 1016 videtur
1261 992 1279 1015 a
1309 981 1431 1024 beatis,

1034 1044 1118 1077 quos
1155 1034 1337 1076 probavit,
1377 1031 1564 1079 fratribus3

982 1086 1079 1129 Quod
1121 1086 1293 1126 redisset,
1337 1085 1564 1129 ambigenteS,

1032 1139 1142 1171 intrat
1171 1138 1298 1172 clausis
1326 1138 1451 1172 ianuis,

988 1232 1059 1266 Dat
1095 1232 1222 1266 docens
1251 1236 1440 1275 praecepta
1467 1231 1565 1275 legis,

1041 1285 1101 1318 dat
1131 1285 1285 1318 divinum
1313 1284 1485 1328 spiritum,

988 1335 1156 1378 Spiritum
1186 1337 1251 1371 Dei
1280 1335 1485 1380 perfectum,

1040 1388 1210 1423 trinitatis
1239 1389 1425 1424 vinculum.

987 1483 1164 1525 Praecipit
1199 1486 1308 1516 totum
1346 1492 1410 1525 per
1446 1481 1564 1516 orbem

1038 1534 1210 1578 baptizari
1239 1535 1420 1576 credulos余

985 1587 1119 1621 Nomen
1149 1587 1258 1630 patris
1286 1588 1499 1629 invocantes,

1038 1638 1242 1674 confitentes
1270 1638 1392 1683 filium,

986 1734 1139 1776 Mystica
1166 1732 1237 1768 fide
1265 1733 1398 1768 revelat

1037 1787 1165 1820 tinctos
1193 1790 1314 1820 sancto
1341 1786 1478 1828 spiritu,

985 1837 1098 1872 Fonte
1127 1838 1268 1879 tinctOS,
1297 1838 1491 1881 innovatos,

1039 1889 1128 1924 filios
1158 1888 1268 1924 factos
1297 1890 1377 1925 Dei.

987 1986 1080 2019 Ante
1107 1985 1240 2029 lucem,
1274 1985 1377 2019 turba
1405 1983 1564 2027 fratrum,

1038 2037 1281 2071 concinnemus
1309 2037 1465 2080 gloriam,

985 2090 1060 2132 Qua
1089 2090 1253 2124 docemur
1280 2099 1342 2123 nos
1372 2088 1505 2123 futuros

1036 2142 1248 2185 sempiterno
1276 2142 1426 2177 saeculo.

988 2236 1082 2270 Galli
1120 2240 1262 2281 cantus,
1301 2236 1384 2279 galli
1420 2235 1564 2278 plausus

1039 2288 1235 2330 proximum
1263 2288 1371 2321 sentit
1400 2287 1511 2329 diem余

986 2340 1059 2374 Nos
1097 2344 1277 2374 cantantes
1306 2344 1340 2373 et
1367 2344 1564 2382 precantes,

1038 2402 1125 2434 quae
1154 2391 1283 2436 futura,
1318 2391 1503 2426 credimus.

984 2485 1260 2528 Immensamque
1288 2485 1503 2519 maiestatem

1037 2538 1280 2571 concinnemus
1309 2537 1445 2582 iugiter,

985 2589 1076 2622 Ante
1103 2589 1215 2622 lucem
1243 2589 1439 2623 nuntiemus

1037 2639 1211 2674 Christum
1254 2650 1368 2684 regem
1412 2639 1562 2674 saeculo.
