1652 2872
125 128 200 165 242
425 128 504 157 Pars
527 127 552 158 Ι.
596 128 716 166 Hymni
739 131 954 168 antiquissimi
978 138 1059 158 saec.
1083 128 1222 156 V--XL

127 233 162 267 3.
206 233 335 266 Laetus
361 232 439 266 adit
466 233 641 276 supplicia
873 236 908 270 5.
951 232 1014 268 Cui
1042 234 1175 274 martyr
1201 233 1241 264 ut
1268 230 1438 274 egregius,

206 283 345 318 Ieiunus
373 288 412 317 ut
439 285 609 328 convivia,
949 285 1052 319 Fusis
1080 283 1239 318 medetur
1265 280 1440 325 precibus,

205 335 305 369 Nova
331 344 519 378 poenarum
548 346 674 380 genera
949 336 1053 371 Multi
1081 335 1244 369 tenebras
1273 333 1449 374 deserunt,

201 387 302 421 Mens
338 388 465 422 transit
492 387 740 433 imperterrita.
949 389 1008 423 Ad
1036 397 1154 422 verum
1182 387 1299 420 lumen
1327 384 1485 420 redeunt.

128 501 161 535 4.
205 500 364 543 Praeses,
395 510 494 544 quem
523 501 759 545 iniquissimus
873 505 906 538 6.
950 502 1071 536 Gloria
1098 502 1144 535 sit
1170 500 1323 544 ingenito

202 551 315 586 Corde
343 557 503 588 caecarat
528 554 682 599 spiritus,
950 554 1048 589 Patri
1076 556 1111 586 et
1138 551 1327 596 unigenito,

202 603 324 638 Carnis
353 605 455 640 etiam
483 605 612 639 lumine
949 605 1077 639 Sancto
1105 604 1206 639 simul
1235 603 1386 649 spiritui,

200 655 275 690 Deo
302 656 462 699 privatur
489 657 616 693 iudice.
948 657 1023 691 Deo
1051 655 1270 691 indivisibili.

202 769 308 807 Opera
331 779 387 798 ms.
410 769 498 799 Petri
522 770 673 798 Damianj
696 779 778 798 saec.
804 767 850 798 11.
875 779 923 798 ex.
961 768 1037 798 Cod.
1057 769 1204 798 Vatican.
1230 767 1321 798 3797.
1339 784 1375 788 ——
1400 769 1462 798 Die
1485 767 1552 797 drei

120 812 225 839 ersten
242 810 399 849 Strophen
422 811 526 840 dieses
543 812 690 848 Hymnus
713 811 784 839 sind
809 811 967 847 adaptiert
989 810 1117 840 worden
1141 811 1198 840 auf
1216 811 1278 840 den
1302 810 1345 839 hl.
1362 810 1552 839 Anastasius

117 851 182 886 (cfr.
207 852 298 882 Anal.
323 853 438 891 Hymn.
462 853 566 888 XXII,
591 853 646 881 ΝΥ.
669 850 728 888 35).
765 852 931 881 Ebendort
953 854 996 880 ist
1017 852 1069 881 die
1085 852 1265 891 Doxologie
1289 853 1389 881 einem
1415 851 1552 881 anderen

116 893 264 931 Hymnus
285 894 455 923 Damianis
480 894 638 930 entlehnt3
662 902 735 923 man
758 893 822 931 vgl.
845 893 898 922 die
919 893 1101 932 Doxologie
1123 903 1162 922 zu
1185 895 1240 923 Nr.
1263 891 1334 923 209.
1370 924 1375 929 ,

588 1057 664 1090 208.
698 1058 739 1089 In
763 1056 884 1090 sancti
906 1056 1087 1090 Ianuarii.

564 1133 744 1171 Hymnus
766 1133 879 1163 Petri
901 1133 1103 1163 Damiani.

689 1193 743 1224 Ad
766 1193 969 1226 Nocturnas.

364 1313 398 1349 1.
442 1312 545 1347 Clare
574 1311 698 1346 famosi
727 1312 840 1346 titulis
869 1311 1048 1357 triumphi,

441 1364 576 1408 Raptor
605 1365 738 1399 aeterni
767 1364 919 1398 violente
947 1365 1054 1411 regni,

442 1416 495 1451 Sit
524 1416 591 1450 tuis
620 1426 685 1460 per
712 1420 747 1450 te
772 1416 840 1462 via,
870 1416 1024 1460 Ianuari,

612 1470 722 1504 Ianua
750 1469 849 1503 caeli.

363 1606 401 1641 2.
443 1603 569 1639 Funde
597 1614 661 1647 pro
690 1603 818 1638 nostris
846 1603 905 1647 pia
934 1606 1014 1638 vota
1042 1604 1155 1647 noxis,

439 1657 489 1692 Ut
516 1656 582 1690 Dei
609 1657 702 1691 iusta
729 1656 941 1700 reprimatur
965 1656 1030 1699 ira,

439 1708 584 1743 Reddat
611 1708 772 1743 amissam
801 1709 925 1743 merito
953 1718 1116 1743 coronam

612 1759 734 1795 Gratia
763 1761 906 1797 Christi.

362 1897 397 1932 3.
441 1896 491 1930 Te
518 1898 647 1939 queunt
675 1895 791 1930 nullae
819 1906 987 1939 superare
1014 1906 1168 1940 poenae,

440 1947 600 1982 Membra
629 1947 814 1991 discerptis
843 1952 988 1991 patuere
1016 1948 1145 1994 nervis,

442 2000 630 2034 Carcerum
657 2003 790 2034 taetrae
818 2000 981 2035 cohibent
1007 2000 1174 2035 tenebrae

611 2051 715 2086 Sidus
745 2052 897 2095 Olympi.

367 2188 403 2223 4.
447 2186 605 2222 Flamma
631 2186 787 2220 succensi
815 2186 932 2220 triduo
959 2186 1086 2221 camini

447 2238 561 2272 Cessit
589 2237 721 2281 ingenti
750 2237 831 2272 fidei
861 2238 988 2281 calori3

445 2290 535 2324 Dum
564 2299 672 2334 vapor
700 2289 814 2323 carnis
844 2288 940 2331 furit,
969 2289 1052 2323 inde
1080 2291 1204 2324 mentis

613 2342 760 2375 Aestuat
787 2341 889 2384 ignis,

369 2477 403 2511 5.
446 2475 609 2510 Senserat
638 2474 775 2510 frenum
804 2475 918 2510 rabies
948 2474 1098 2509 ferarum

445 2527 588 2571 Perpes,
619 2532 654 2561 ut
685 2537 802 2562 sacros
830 2527 978 2562 laniaret
1004 2530 1122 2570 artus3

445 2578 573 2613 Beluae
601 2579 748 2613 blandos
775 2579 955 2613 imitantur
981 2588 1088 2623 agnos

614 2630 754 2664 Vertice
781 2640 902 2674 prono.
