1652 2872
135 418 207 453 ia.

139 669 210 702 2a.

134 918 161 952 -3
177 926 207 951 a.

137 1468 204 1504 5a.

553 151 588 179 Β.
622 150 744 187 Hymni
766 149 804 178 de
827 150 981 188 Tempore
1004 151 1140 188 Proprii.

1524 151 1571 187 85

631 271 684 304 79.
719 271 772 302 De
796 271 927 303 sancta
951 271 1082 304 Cruce.

711 335 755 363 In
784 335 1024 364 Parasceve.

251 417 492 460 Triumphalis
519 418 651 461 gloriae

248 469 348 503 Diem
378 469 518 512 plenum
547 469 650 503 hodie

247 521 474 556 Commendat
502 521 669 554 ecclesiae

248 573 422 606 Vexillum
449 572 628 608 victoriae.

248 667 290 701 In
319 667 414 700 euius
441 666 626 710 imaginem

246 718 441 752 Immissum
470 718 505 751 in
534 718 706 752 hominem

245 770 395 812 Lignum
422 769 458 804 in
488 770 709 805 dulcedinem

245 822 427 858 Convertit
455 822 675 865 salsuginem.

246 916 352 959 Ergo,
382 916 515 959 signum

241 967 316 1002 Deo
345 967 497 1010 dignum,

240 1020 370 1054 Forma
400 1021 495 1053 cuius

243 1071 346 1107 Orbis
374 1071 475 1106 huius

295 1123 464 1166 Designat
492 1122 654 1166 effigiem,

200 1246 207 1253 .
245 1217 350 1252 Istius
378 1217 537 1260 mysterii

242 1268 309 1303 Dei
336 1273 422 1303 nutu
451 1269 601 1312 praescii

242 1320 446 1364 Synagogae
472 1320 536 1354 filii

243 1372 349 1406 Fiunt
378 1373 518 1408 Christo
543 1373 689 1416 praevii,

245 1467 302 1500 nli
330 1476 453 1501 vocum
481 1467 631 1501 modulis

243 1519 329 1553 Cum
356 1519 550 1562 palmarum
578 1519 708 1562 patulis

241 1571 289 1604 Et
317 1569 523 1613 quibusdam
553 1571 710 1614 ramulis,

241 1622 314 1657 Nos
343 1632 417 1656 cum
447 1623 536 1656 votis
565 1623 697 1657 sedulis

895 419 963 454 lb.

893 667 961 704 2b.

891 917 960 953 3b.

887 1217 959 1253 4b.

891 1466 958 1502 5b.

996 420 1174 462 Prompsit
1200 420 1306 454 Iacob
1338 420 1425 455 visio

996 471 1073 504 Hoc
1101 471 1215 505 scalae
1243 472 1435 517 praesagio,

997 522 1101 556 Cuius
1131 523 1217 556 caeli
1246 524 1339 566 regio

996 573 1219 617 Tangebatur
1247 575 1371 618 spatio,

997 667 1167 710 Sareptae
1194 668 1409 710 paupercula

996 719 1074 753 Duo
1103 720 1220 762 legens
1249 720 1380 762 lignula

996 771 1061 805 His
1091 772 1202 805 crucis
1225 772 1366 806 oracula

995 823 1082 857 Fert
1109 824 1196 867 legis
1224 823 1287 857 sub
1316 823 1455 859 nebula.

995 917 1126 952 Christi
1155 917 1294 959 sanguis

994 969 1108 1011 Caput
1135 969 1256 1011 anguis

993 1021 1034 1055 In
1062 1024 1097 1054 te
1125 1019 1231 1063 fregit

993 1073 1039 1106 Et
1068 1072 1205 1116 subegit

1044 1124 1102 1158 Ad
1131 1133 1241 1167 usque
1269 1123 1470 1167 perniciem.
1525 1140 1527 1143 ·

994 1217 1131 1252 Petenti
1161 1216 1355 1260 patibulum

993 1269 1125 1311 Crucis,
1156 1269 1285 1311 paseha
1314 1269 1491 1311 paululum

990 1322 1064 1364 Quo
1092 1330 1156 1364 per
1183 1322 1305 1354 mortis
1333 1321 1498 1364 pabulum

993 1374 1095 1407 Vitae
1124 1373 1223 1407 daret
1252 1374 1439 1409 saeculum.

994 1467 1226 1501 Proeedamus
1254 1467 1390 1501 obviam

995 1518 1201 1553 Sternentes
1229 1519 1408 1553 lasciviam

993 1570 1041 1604 Et
1067 1571 1204 1605 inanem
1234 1571 1378 1614 gloriam

994 1623 1115 1658 Crucis
1143 1622 1178 1656 in
1207 1623 1418 1658 memoriam.

221 1716 315 1754 Trop.
338 1725 394 1744 ms.
413 1715 585 1744 Casinense
609 1725 689 1746 saeC.
710 1714 756 1745 11.
774 1725 822 1745 ex.
860 1715 934 1744 Cod.
952 1716 1100 1744 Vatican.
1116 1716 1230 1745 Urbin.
1248 1713 1317 1745 602.
1334 1715 1405 1744 add.
1422 1725 1505 1745 saec.
1525 1713 1570 1744 12.

136 1757 196 1786 Mit
217 1757 366 1786 Melodie.
389 1774 429 1778 —
455 1755 518 1791 lb,
542 1755 556 1785 1
580 1757 744 1786 Promisit.
767 1774 807 1778 -
841 1756 868 1792 1,
892 1758 922 1793 b,
946 1755 965 1786 ‘2
987 1754 1115 1795 [H]o[c]
1138 1758 1253 1786 scalae.
1278 1772 1316 1777 ——
1340 1755 1367 1792 2,
1392 1758 1421 1793 b,
1444 1756 1464 1786 4
1486 1758 1569 1786 Fret.

138 1816 174 1819 —
202 1797 264 1833 4a,
293 1798 313 1826 4
336 1798 452 1828 Staunt
477 1799 614 1828 Christo.
645 1815 685 1818 —
712 1797 773 1828 4b.
804 1797 824 1827 4
853 1799 938 1827 dare.
967 1814 1007 1818 —
1030 1800 1067 1827 In
1099 1799 1154 1827 der
1177 1800 1233 1828 Hs
1265 1798 1344 1828 fehlt
1361 1799 1451 1837 jeder
1473 1799 1568 1828 Titel.

139 1840 198 1869 Die
221 1840 316 1869 Form
345 1841 387 1868 ist
404 1840 477 1877 jene
501 1841 589 1869 einer
611 1841 771 1878 Sequenz:v
801 1841 856 1869 der
878 1840 986 1869 Inhalt
1010 1840 1084 1869 liisst
1108 1841 1200 1869 einen
1223 1840 1567 1878 Processionshymnus

137 1881 187 1910 fiir
216 1881 267 1911 die
289 1881 443 1910 Adoratio
474 1882 576 1910 erucis
603 1880 668 1917 (efr.
699 1883 810 1921 vorige
832 1880 994 1918 Nummer)
1022 1882 1098 1911 oder
1126 1882 1176 1910 fiir
1198 1882 1368 1911 Dominiea
1391 1882 1569 1920 palmarum

136 1927 311 1955 vei-mutan.
335 1924 368 1951 in
390 1923 460 1952 dem
485 1923 546 1952 Str.
570 1920 589 1951 3
612 1923 777 1953 vielleicht
799 1923 859 1952 den
883 1924 1012 1952 Refrain
1035 1924 1145 1952 bildet.

634 2056 688 2089 So.
723 2057 776 2089 De
799 2058 927 2089 sancta
952 2057 1080 2090 Cruce.

168 2170 175 2177 .
218 2142 360 2186 Signum
389 2143 501 2177 crucis
529 2143 688 2177 mirabile

219 2195 308 2229 Olim
336 2205 400 2238 per
427 2194 546 2229 orbem
574 2195 760 2238 praenitet,

218 2247 258 2280 In
287 2257 354 2290 qua
381 2247 548 2291 pependit
575 2247 741 2281 innocens

219 2298 388 2344 Christus,
418 2298 620 2341 redemptor
646 2299 807 2333 omnium.

139 2391 177 2425 2.
214 2390 311 2425 Haec
339 2391 442 2425 arbor
470 2395 523 2424 est
550 2391 730 2425 sublimior

219 2442 351 2488 cedris,
380 2443 486 2477 habet
513 2453 598 2485 quas
626 2443 792 2486 Libanus,

217 2494 311 2536 Quae
337 2505 440 2538 poma
467 2494 577 2528 nescit
605 2495 707 2528 noxia

219 2544 288 2579 Sed
317 2543 409 2580 ferre
433 2546 524 2580 vitae
553 2546 718 2589 praemia.

886 2145 920 2179 3.

885 2393 920 2426 4.

964 2144 1028 2186 Tu,
1059 2143 1209 2187 Christe,
1238 2153 1300 2177 rex
1328 2143 1493 2188 piissime,

962 2195 1074 2229 Huius
1103 2196 1215 2229 crucis
1244 2195 1422 2239 signaculo

960 2247 1077 2291 Horis,
1107 2248 1288 2281 momentis
1317 2246 1474 2281 omnibus

959 2299 1099 2333 Munire
1128 2310 1189 2333 nos
1217 2309 1284 2333 non
1312 2298 1456 2343 abnuas,

963 2391 1012 2426 Ut
1038 2402 1098 2426 ore
1125 2391 1190 2426 tibi
1219 2401 1368 2426 consono

961 2443 1008 2477 Et
1036 2444 1141 2478 corde
1167 2444 1390 2478 devotissimo

962 2494 1136 2529 Possimus
1165 2495 1256 2529 omni
1285 2500 1441 2538 tempore

961 2545 1098 2580 Laudes
1128 2545 1259 2581 referre
1289 2547 1435 2583 debitas.

565 2641 599 2674 5.
642 2639 786 2674 Praesta
813 2643 913 2682 pater
941 2638 1106 2682 piissime.
