1652 2872
582 139 608 168 Ι.
640 139 690 168 De
711 139 780 168 Deo
803 142 836 167 et
856 139 895 167 de
917 139 1027 169 Beata.
1444 128 1517 165 275

92 241 237 280 sendung
269 241 324 270 des
359 241 487 279 „lumen
519 240 777 277 aeternum‘1(5,
815 239 862 278 3),
901 242 1034 272 welches
1069 243 1214 272 Christus
1248 242 1298 269 ist.
1354 234 1520 280 Demnach

92 286 135 313 ist
157 284 191 312 in
213 281 248 319 4,
274 281 293 312 2
317 282 442 321 „velut“
468 283 551 312 wohl
574 282 777 312 aufzufassen
799 283 847 312 als
870 283 1154 322 gleichbedeutend
1178 284 1235 311 mit
1259 277 1398 317 „sicufflz
1430 274 1521 306 Szcut

91 325 159 354 dies
189 325 421 362 primogenitus
451 328 509 354 etc.
532 323 584 361 (Ζ
607 324 669 353 Str.
692 323 731 359 4),
766 323 814 353 sic
841 326 973 354 verbum
1003 335 1077 354 caro
1101 326 1217 354 factum
1241 327 1298 352 etc.
1322 322 1372 355 (z
1396 319 1457 348 Str.
1481 317 1520 351 5).

94 368 207 397 Dieser
234 366 305 394 Teil
339 365 393 395 des
424 367 571 403 Hymnus
606 373 670 394 war
703 365 917 395 anseheinend
951 367 1173 405 urspriinglieh
1205 366 1254 393 fiir
1287 364 1348 392 den
1378 362 1521 403 Sonntag

93 409 263 438 bestimmt.
287 422 326 427 —
350 407 438 436 Ganz
461 407 576 436 anders
597 410 721 444 geartet
744 408 785 435 ist
808 407 859 436 die
878 408 1154 446 Darstellungsart
1178 409 1211 436 in
1233 407 1294 435 den
1311 406 1372 433 Str.
1391 401 1521 435 16—39,

94 450 211 479 welche
233 448 361 478 einfach
384 448 554 477 erzfihlend
577 449 655 477 iiber
677 448 734 477 das
759 449 867 478 Leben
883 449 961 478 Jesu
979 449 1097 478 Christi
1121 449 1293 480 berivlrten,
1317 444 1446 474 {ihnlich
1462 445 1520 472 wie

94 494 136 521 im
164 492 310 529 Hymnus
336 487 527 527 „Hymnum
561 487 651 518 dicat
679 488 774 519 turba
807 490 981 527 fruimur:
1026 491 1082 519 Als
1106 491 1224 527 Epilog
1254 487 1424 516 §eliliessen
1454 486 1521 513 sich

94 535 156 564 Str.
177 529 301 562 40—42
321 540 403 569 ganz
427 531 595 570 organisch
619 540 659 560 an
682 531 734 561 die
757 533 819 561 Str.
846 531 964 561 16—:59
987 542 1038 561 an.
1062 548 1102 552 —-
1126 531 1298 560 Vielleicht
1323 529 1390 558 also
1416 529 1522 557 haben

95 576 152 604 wir
181 575 233 604 ein
254 573 495 612 Komglomerat
524 583 587 601 von
619 573 686 602 drei
714 574 939 612 urspriinglich
962 577 1151 611 getrennten
1174 571 1349 601 Gedichten
1373 579 1430 598 vor
1453 579 1522 597 uns.

176 616 238 645 Die
262 615 354 644 Vers-
384 615 449 643 und
473 614 800 654 Strophenabteilung
828 616 1004 654 entspricht
1033 624 1138 653 genau
1165 615 1256 651 jener
1280 615 1311 641 in
1335 612 1389 640 der
1412 610 1521 639 Hand-

96 657 222 696 schrift3
245 658 297 686 ein
311 653 515 692 jambischer
537 656 720 686 Fiinfsilber
742 668 772 686 u.
797 658 849 687 ein
872 655 1092 686 troehr‘it'scher
1114 653 1366 685 katalektischer
1381 653 1524 695 Dimeter·

94 699 251 729 wechseln
283 699 342 733 ab,
375 698 494 736 gerade
524 700 584 727 wie
614 699 666 728 bei
694 697 830 736 „Sancti
862 697 978 728 venit-‘f‘
1008 699 1074 735 (Nr.
1106 695 1194 733 ⁶228),
1232 694 1382 734 „Celebra
1413 691 1521 722 Iuda*

92 741 159 777 (Nr.
182 738 256 778 234)
275 739 339 769 und
363 737 506 779 „Audite
527 738 669 777 fratres“
694 740 760 777 (Nr.
784 739 864 777 251).

269 918 272 920 v
294 927 370 960 216.
406 927 566 968 Hymnus
590 927 718 968 „Altus
742 926 946 960 Prosator⁶⁶
970 926 1091 959 sancti
1115 924 1324 958 columbae.

248 1045 296 1081 R.
337 1046 421 1090 Quis
449 1048 565 1088 potest
594 1045 668 1079 Deo
699 1046 840 1087 placere
862 1044 867 1089 1
893 1044 1092 1079 Novissimo
1119 1044 1155 1077 in
1183 1047 1339 1086 tempore

336 1098 488 1133 Variatis
516 1097 709 1141 insignibus
735 1094 739 1145 Ι
766 1098 932 1132 Veritatis
962 1096 1143 1131 ordinibus

332 1150 502 1194 Exceptis
531 1150 829 1192 contemptoribus
855 1148 860 1196 Ι
886 1149 1011 1183 Mundi
1039 1148 1233 1191 praesentis
1263 1145 1391 1181 istius?

125 1277 159 1311 1.
201 1274 308 1311 Altus
336 1278 509 1320 prosator,
538 1278 693 1308 vetustus
871 1276 904 1310 3.
949 1272 1046 1310 Caeli
1076 1274 1118 1307 de
1146 1274 1245 1317 regni
1272 1274 1371 1316 apice

203 1329 348 1363 Dierum
377 1332 411 1361 et
438 1326 611 1370 ingenitus
951 1326 1118 1361 Stationis
1146 1326 1323 1368 angelicae

202 1381 290 1416 Erat
326 1381 457 1425 absque
485 1379 618 1422 origine
951 1379 1121 1415 Claritate
1147 1388 1233 1421 prae
1261 1377 1419 1422 fulgoris,

202 1432 391 1468 Primordii
419 1436 453 1465 et
481 1431 672 1476 crepidine,
953 1432 1142 1465 Venustate
1171 1430 1371 1475 speciminis

199 1485 266 1519 Est
294 1488 327 1517 et
356 1484 423 1518 erit
449 1483 485 1517 in
513 1484 653 1518 saecula
953 1483 1196 1526 Superbiendo
1225 1486 1343 1516 ruerat

203 1537 429 1571 Saeculorum
457 1534 613 1580 infinita3
951 1534 1107 1577 Lucifer,
1137 1545 1237 1577 quem
1267 1534 1489 1575 formaverat,

203 1589 267 1623 Cui
296 1592 348 1622 est
374 1587 572 1631 unigenitus
951 1588 1212 1630 Apostataeque
1241 1587 1354 1630 angeli

204 1641 362 1675 Christ-us
401 1643 435 1673 et
471 1645 610 1674 sanctus
639 1640 783 1683 spiritus
951 1640 1085 1674 Eodem
1113 1639 1214 1682 lapsu
1242 1638 1381 1682 lugubri

204 1693 416 1727 Coaeternus
443 1692 479 1725 in
507 1692 617 1735 gloria
951 1692 1115 1726 Auctoris
1145 1691 1367 1737 cenodoxiae,

203 1745 354 1779 Deitatis
382 1747 563 1787 perpetua.
954 1744 1152 1779 Pervicacis
1180 1744 1345 1785 invidiae,

203 1797 283 1832 Non
319 1800 391 1830 tres
425 1796 507 1830 deos
537 1796 782 1840 depromimus,
953 1797 1087 1832 Ceteris
1115 1796 1374 1830 remanentibus

205 1849 274 1884 Sed
304 1858 408 1882 unum
437 1848 549 1882 Deum
578 1848 723 1883 dicimus
953 1850 994 1883 In
1023 1849 1093 1882 suis
1121 1848 1389 1892 principatibus.

204 1901 309 1935 Salva
336 1900 406 1934 fide
434 1900 470 1934 in
495 1900 654 1943 personis

202 1952 329 1987 Tribus
358 1952 628 1997 gloriosissimis,

125 2071 159 2105 2.
202 2067 320 2104 Bonos
349 2068 480 2102 creavit
506 2067 662 2112 Angelos
877 2071 910 2104 4.
953 2067 1070 2103 Draco
1099 2078 1241 2112 magnus
1270 2068 1504 2112 taeterrimus,

203 2120 353 2156 Ordines
382 2123 415 2153 et
445 2119 685 2163 Archanyelos
955 2121 1139 2155 Terribilis
1169 2124 1203 2153 et
1233 2120 1408 2163 antiquus,

201 2169 481 2216 Prinoipatffim
509 2182 550 2205 ac
576 2172 733 2218 Sedium,
955 2172 1021 2215 Qui
1049 2172 1113 2206 fuit
1143 2182 1286 2215 serpens
1315 2172 1481 2216 lubricus,

200 2225 430 2270 Potestatum,
466 2224 673 2267 Virtutium,
955 2225 1153 2270 Sapientior
1180 2224 1337 2258 omnibus

202 2277 263 2312 Uti
291 2286 360 2311 non
390 2280 481 2310 esset
508 2275 645 2310 bonitas
954 2276 1080 2311 Bestiis
1109 2281 1142 2310 et
1170 2275 1402 2310 animantibus

202 2329 322 2364 Otiosa
350 2338 391 2362 ac
419 2328 583 2363 maiestas
953 2330 1086 2364 Terrae
1115 2328 1355 2373 ferocioribus,

203 2381 388 2415 Trinitatis
417 2381 452 2414 in
481 2380 639 2414 omnibus
952 2382 1107 2415 Tertiam
1136 2385 1271 2423 partem
1298 2381 1451 2414 siderum

204 2432 396 2476 Largitatis
425 2432 638 2477 muneribus,
955 2433 1078 2467 Traxit
1115 2443 1230 2467 secum
1268 2433 1303 2466 in
1333 2432 1533 2466 barathrum

205 2485 274 2519 Sed
301 2483 459 2528 haberet,
489 2485 653 2519 caelestia
957 2486 1127 2519 Locorum
1156 2484 1379 2519 infernalium

206 2537 248 2570 In
275 2536 400 2578 quibus
428 2537 615 2580 privilegia
957 2537 1255 2580 Diversorumque
1285 2546 1461 2570 carcerum

206 2587 415 2622 estenderet
442 2598 651 2631 magnopere
957 2587 1108 2632 Refugas
1136 2590 1209 2623 veri
1236 2589 1376 2622 luminis

206 2638 370 2674 Possibili
397 2638 566 2675 fatimine.
958 2641 1118 2675 Parasito
1146 2641 1371 2684 praecipites,

1285 2698 1348 2730 is*
