1652 2872
114 130 188 167 228
437 130 516 158 Pars
537 130 562 158 1.
606 130 727 168 Hymni
751 131 966 168 antiquissimi
990 138 1071 158 saec.
1095 128 1232 157 V.-XI.

118 239 149 270 ἴ),
195 234 261 267 Hie
290 233 504 277 conglobatis
532 234 647 277 impiis
861 236 894 270 7.
937 235 1029 269 Hinc
1057 232 1151 266 facta
1179 231 1370 265 coniuratio

191 286 356 319 Miranda
384 284 453 319 fert
481 287 657 331 oramina3
936 287 1124 320 Tormenta
1152 284 1185 316 in
1215 282 1311 316 illum
1342 281 1472 324 dirigit,

192 338 265 378 Quo
293 337 339 370 sit
368 337 516 371 refertus
545 338 681 381 spiritu,
939 338 984 372 Et
1013 337 1062 370 sic
1092 335 1243 370 cruentis
1272 333 1424 367 brachiis

190 388 320 422 Pandit
348 388 522 432 loquendo
550 390 718 434 sophiam.
936 389 1054 424 Sancti
1083 390 1263 422 cruentant
1292 385 1444 419 brachia.

115 516 147 548 ὅ,
193 514 287 555 Quae
317 513 411 548 dicta
437 518 489 547 sat
518 514 684 560 salubria,
859 517 894 550 8.
938 513 1094 547 Infausta
1122 516 1254 553 martyr
1281 513 1432 544 attamen

191 565 274 598 Alto
303 565 419 599 refusa
447 570 601 610 pectore,
937 565 1039 598 Haud
1069 567 1167 606 optat
1193 561 1465 605 insequentibus,

191 616 411 651 Obscuritate
439 622 668 658 commonent,
939 617 1067 651 Verum
1097 615 1227 648 remitti
1256 613 1410 656 postulat

192 669 402 710 Quaerenda
429 670 522 712 quod
550 670 619 703 sint
649 669 777 704 sobrie.
939 668 1040 701 Tanti
1070 665 1168 700 nefas
1196 665 1417 709 peccaminis,

472 794 506 827 9.
549 792 661 826 Huius
690 795 822 836 rogatu,
852 800 1069 836 quaesumus,

549 844 696 886 Depelle
724 847 844 878 nostra
873 843 1028 886 crimina,

549 895 705 930 Colenda
732 904 871 938 semper
898 895 1049 938 trinitas,

547 947 715 990 Aequalis
746 951 798 981 est
827 947 882 981 cui
908 946 1030 989 gloria.

194 1072 373 1109 Fragment.
400 1080 456 1099 ms.
479 1071 651 1108 Hymnarii
683 1072 791 1100 incert.
826 1072 940 1109 origin.
966 1080 1046 1100 saec.
1073 1068 1120 1099 10.
1167 1069 1241 1098 Cod.
1266 1070 1398 1098 Beruen.
1424 1068 1479 1097 AA
1503 1065 1543 1097 90

110 1113 196 1151 (pars
223 1111 278 1149 19).
304 1130 341 1133 -
367 1111 394 1147 1,
417 1110 437 1141 3
460 1122 569 1141 servos
595 1112 720 1142 nisibus
741 1111 831 1148 (statt
853 1112 976 1149 visere).

563 1277 636 1310 198.
672 1277 714 1309 In
737 1276 858 1310 sancti
881 1275 1075 1317 Stephani.

115 1386 144 1419 1.
189 1384 354 1418 Primatis
382 1385 483 1418 aulae
511 1384 662 1418 caelicae
859 1386 895 1419 4.
939 1384 1044 1425 Quam
1076 1384 1187 1426 dulce,
1217 1386 1349 1425 martyr
1376 1383 1506 1426 inclite,

192 1436 292 1470 Nunc
321 1435 411 1469 festa
438 1440 592 1479 pangant
623 1438 796 1479 gnaviter,
939 1436 1019 1469 Tibi
1047 1440 1215 1478 pararunt
1246 1436 1372 1479 vivere,

193 1487 393 1530 Quicunque
422 1488 552 1523 Christi
580 1489 691 1531 gratia
940 1488 1004 1529 Qui
1033 1494 1144 1522 morte
1173 1493 1206 1520 te
1235 1487 1458 1530 pessumdare

188 1541 367 1583 Quaerunt
395 1540 507 1575 iuvari
535 1540 669 1578 sedula,
940 1541 1047 1575 Cassa
1075 1543 1281 1583 putaverant
1309 1540 1422 1573 strue!

112 1667 147 1700 2.
190 1665 257 1699 Hic
286 1674 409 1708 nempe
438 1665 570 1707 primus
599 1664 747 1699 omnium
859 1668 894 1700 5.
939 1665 1040 1702 Nunc
1067 1674 1160 1709 ergo,
1193 1665 1317 1698 domne
1345 1662 1530 1706 Stephane,

190 1717 256 1750 Per
284 1717 405 1751 mortis
434 1726 514 1751 acre
543 1717 705 1759 poculum
937 1717 1030 1760 Noli,
1060 1726 1254 1761 precamur,
1286 1724 1461 1758 spernere,

189 1769 305 1811 Ipsum
335 1767 401 1802 fuit
430 1778 546 1812 regem
575 1769 646 1812 poli
939 1769 1096 1803 Dilector
1125 1768 1328 1812 odientium,

186 1820 321 1864 Dignus
348 1821 445 1864 sequi
474 1821 585 1855 victor
612 1821 706 1857 mali.
938 1821 1050 1855 Voces
1078 1820 1143 1854 tibi
1172 1819 1405 1863 psallentium.

112 1947 151 1980 3.
193 1945 294 1989 Quod
319 1955 404 1979 saxa
433 1945 563 1979 dudum
591 1946 763 1980 triverant
865 1948 900 1982 6.
942 1946 1098 1989 Dignare
1126 1945 1226 1979 nobis
1255 1944 1421 1978 caelicum

193 1998 250 2031 Ira
280 2000 385 2040 eaput
410 1997 566 2042 Iudaica,
945 1998 1088 2032 Placare
1117 1998 1266 2031 clemens
1295 1996 1475 2039 arbitrum,

192 2048 307 2092 Cingit
338 2049 476 2082 beatum
505 2050 570 2084 hoc
597 2053 744 2083 stemma
940 2050 1080 2084 Amoris
1109 2054 1147 2083 ut
1175 2048 1346 2082 sanctifici

190 2101 257 2135 Per
287 2104 410 2135 cuncta
440 2111 522 2134 sane
550 2105 719 2143 tempora.
938 2101 1102 2144 Caelique
1130 2101 1235 2135 simus
1264 2103 1448 2142 compotes.

489 2225 521 2259 7.
564 2225 720 2268 Praesta,
751 2229 862 2267 pater,
893 2235 970 2258 cum
997 2224 1069 2258 filio

562 2276 685 2309 Totum
715 2285 837 2319 regens
866 2279 900 2309 et
929 2276 1076 2322 spiritu,

565 2327 630 2362 Cui
658 2327 704 2361 sit
731 2327 894 2370 perennis
923 2328 1033 2370 gloria

562 2379 632 2415 Uni
662 2379 736 2413 Deo
764 2389 827 2422 per
855 2379 1004 2415 saecula.

198 2501 292 2538 Trop.
318 2503 357 2529 et.
382 2501 499 2538 Hymn.
523 2511 580 2530 ms.
604 2502 826 2531 Rhenoviense
847 2502 871 2538 (?
882 2500 1102 2540 Sangallense)
1124 2511 1204 2531 saec.
1231 2500 1277 2531 11.
1300 2503 1343 2530 in.
1380 2503 1455 2532 cod.
1479 2503 1540 2532 Tu-

117 2544 213 2571 ricen.
237 2542 337 2571 Rhen.
363 2540 413 2571 97.
437 2558 474 2562 ——
498 2540 534 2577 3,
565 2541 583 2571 3
607 2543 715 2583 Cingit
736 2554 819 2572 nune
842 2543 978 2572 beatum.
1003 2558 1042 2562 ——
1065 2541 1101 2577 5,
1131 2541 1150 2571 ‘2
1171 2553 1201 2572 u.
1225 2542 1243 2571 3
1266 2545 1462 2581 umgestelltg
1487 2545 1538 2573 da-

114 2584 214 2613 durch
238 2583 376 2613 entsteht
397 2583 583 2621 gekreuzter
599 2585 699 2619 Reim,
722 2585 776 2613 der
795 2585 865 2613 dem
880 2593 1003 2622 ganzen
1019 2585 1164 2621 Hymnus
1184 2584 1248 2612 und
1264 2585 1441 2626 iiberhaupt
1457 2586 1537 2618 wahl

116 2626 177 2656 deu
202 2626 351 2666 Hymnen
373 2634 430 2654 aus
453 2625 557 2655 dieser
579 2626 711 2657 Pei-iode
733 2626 833 2657 fremd
855 2627 906 2657 ist.
930 2641 966 2644 —
991 2624 1019 2662 6,
1042 2623 1061 2656 2
1086 2626 1244 2656 arbitrem.
