1652 2872
145 153 186 182 11.
221 153 268 182 De
291 152 426 182 Sanctis.
450 167 489 171 -
512 152 547 180 B.
581 151 701 188 Hymni
724 150 762 179 de
786 150 913 180 Sanctis
936 151 1072 189 Proprii.
1117 153 1165 181 De
1189 161 1211 180 s.
1237 151 1408 190 Stephano.
1454 151 1528 189 233

206 338 280 370 ⁸202.
317 337 432 377 „Item
455 336 498 368 de
520 333 710 367 Mil-aculis
734 333 894 366 eiusdem
918 333 955 365 in
981 335 1188 368 cismarinis
1212 335 1420 376 partibus.“

526 410 702 447 Hymnus
726 408 902 437 Notkeri
925 409 1103 438 Balbuli.

379 527 410 560 1.
453 524 593 561 Ordinis
622 523 712 557 sacri
741 523 936 566 Stephanus
965 523 1095 558 honore

453 575 614 612 Partibus
644 575 779 618 pollens
809 575 914 610 Asiae
943 576 1087 609 calentis

454 628 599 662 Finibus
627 628 767 661 tandem
796 627 952 662 occiduis
982 638 1136 662 rosarum

598 679 734 722 Sparsit
762 680 898 715 odoreS.

374 808 407 840 ξύ

455 806 546 847 Quos
574 805 694 839 volens
723 805 884 847 plantare
912 804 1034 838 beatus
1062 805 1122 838 ille

451 858 565 891 Verna
595 857 741 891 Martini
771 857 916 900 vigilans
945 857 979 890 in
1009 858 1111 901 omni,

453 910 505 943 De
533 918 611 943 sera
639 909 775 951 accepit
801 909 876 942 sIne
905 909 1003 944 clave
1032 909 1153 943 clausit

596 960 641 995 Et
670 961 743 995 sine
773 961 880 996 clave.

375 1088 407 1123 3.
450 1086 515 1129 Qui
542 1086 753 1131 precabatur
781 1086 916 1120 veniam
944 1085 1128 1130 imperitis,

450 1139 531 1181 Ipse
558 1142 758 1180 protervum
788 1138 985 1181 Stephanus
1014 1139 1183 1181 repressit

450 1191 654 1224 Innocentes
681 1190 832 1233 eripiens
862 1199 1026 1232 reumque

596 1242 694 1276 Fune
721 1245 910 1276 retentans.

371 1369 405 1402 4.
450 1368 490 1402 In
519 1368 606 1402 mari
635 1367 733 1402 navis
762 1367 909 1410 propior
938 1367 1078 1410 periclis

450 1421 517 1454 Per
546 1429 684 1454 manum
715 1421 827 1453 saneti
856 1419 1025 1462 Stephani
1053 1422 1206 1452 retracta

446 1472 518 1506 Aut
548 1481 650 1506 canes
671 1472 809 1515 Scyllae
839 1472 971 1505 rabiem
999 1475 1059 1505 aut
1081 1470 1279 1512 Charybdis

593 1524 697 1559 Salva
731 1522 869 1568 refugit.

371 1649 403 1682 5.
448 1649 513 1682 Est
543 1648 663 1683 domus
693 1648 812 1682 Mettis
843 1648 1011 1690 Stephani
1041 1657 1164 1681 cruore

447 1701 565 1743 Sacra,
595 1711 682 1743 quae
710 1705 843 1734 tantum
872 1710 1054 1742 superesse
1085 1700 1169 1733 «liris

449 1753 567 1786 Posset
596 1753 800 1786 Hunnorum
829 1752 954 1795 gladiis
984 1753 1144 1794 rogisque

591 1804 763 1848 Sanguine
793 1809 888 1845 tuta;

370 1931 402 1964 6.
447 1930 540 1971 Quae
570 1930 666 1963 ducis
694 1934 821 1970 natam,
850 1930 1045 1963 medicante
1074 1929 1176 1964 Gallo

447 1981 646 2016 Liber-atam
676 1982 856 2016 daemonio
885 1981 1033 2025 furente,

449 2034 552 2076 Regis
580 2034 751 2068 abstraxit
779 2034 940 2068 thalamis
969 2043 1085 2068 amore

591 2086 818 2130 Integritatis.

371 2211 389 2221 ,-

376 2219 403 2246 l.
446 2211 568 2245 Fontis
597 2211 745 2253 Hispani
774 2211 950 2254 Stephano
979 2215 1139 2254 patrante

448 2262 576 2296 Munus
605 2268 781 2297 aeternum
811 2273 1003 2297 memorare
1032 2264 1185 2307 dignum,

450 2314 514 2355 Qui
542 2315 702 2349 lavandis
730 2314 871 2357 profluit
899 2318 1002 2357 atque
1030 2315 1111 2349 lotis

591 2367 764 2401 Conditur
791 2361 872 2401 alte.

373 2491 407 2526 8.
451 2491 520 2525 Sed
550 2501 624 2524 cum
653 2491 719 2525 hoc
747 2491 987 2533 baptisterium
1017 2493 1159 2526 cavallis

448 2543 630 2585 Improbus
659 2543 798 2586 quidam
828 2543 999 2577 stabulum
1028 2550 1181 2586 pararet,

447 2594 562 2628 Febre
590 2599 769 2637 correptus
798 2595 972 2629 dominum
1003 2596 1162 2638 praeibat

592 2647 649 2681 Ad
679 2646 917 2690 Phlegetonta.
