1652 2872
367 774 429 822 A.
479 774 675 835 Hymni
710 775 775 823 (le
810 775 1018 823 Sanctis
1054 775 1379 823 Communes.
1422 774 1423 777 ’

534 992 608 1025 lor.
642 993 684 1024 In
708 994 921 1025 sanctorum
944 993 1219 1033 Apostolorum.

249 1098 299 1135 R.
344 1099 376 1136 1.
419 1099 546 1133 Adnue
574 1099 722 1145 Christe,
753 1100 968 1134 saeculorum
998 1100 1155 1145 Domine,

417 1150 527 1185 Nobis
555 1160 619 1193 per
646 1152 767 1185 horum
795 1152 860 1186 tibi
890 1162 970 1186 cara
998 1152 1137 1195 merita,

417 1202 465 1238 Ut
491 1203 548 1246 qui
576 1206 610 1237 te
639 1213 754 1238 coram
782 1204 936 1247 graviter
965 1204 1182 1247 deliquimus,

418 1254 552 1289 Horum
581 1256 756 1289 solvamur
783 1256 942 1299 gloriosis
970 1255 1145 1299 precibus

337 1370 371 1404 2.
416 1369 533 1413 Salva,
563 1369 776 1413 redemptor,
805 1370 940 1412 plasma
968 1373 1063 1403 tuum
1092 1369 1219 1412 nobile,

416 1420 594 1463 Signatum
623 1426 743 1455 sancto
774 1422 887 1456 vultus
917 1422 967 1455 tui
995 1421 1135 1464 lumine,

413 1472 467 1506 Ne
494 1472 643 1507 lacerari
670 1473 764 1507 sinas
792 1472 917 1507 fraude
945 1473 1160 1516 daemonum,

413 1524 564 1567 Propter
592 1525 684 1568 quod
713 1525 834 1560 mortis
863 1525 1044 1559 exsolvisti
1073 1526 1237 1568 pretium.

338 1640 371 1673 3.
414 1638 503 1672 Dole
527 1640 684 1681 captivos
714 1648 790 1673 esse
818 1643 894 1673 tuos
922 1640 1090 1683 servulos,

413 1689 568 1725 Absolve
600 1701 688 1733 reos,
719 1691 933 1734 compeditos
962 1692 1055 1735 erige

411 1742 469 1784 Et,
500 1752 584 1784 quos
614 1753 735 1777 cruore
764 1743 943 1777 redemisti
971 1744 1126 1789 propri0‚

411 1794 487 1828 Rex
516 1794 615 1841 bone,
645 1798 758 1829 tecum
787 1794 843 1830 fac
870 1796 1023 1839 gaudere
1050 1796 1234 1839 perpetim.

340 1910 376 1944 4.
420 1908 474 1942 Sit
498 1908 574 1954 tibi,
604 1910 694 1951 lesu,
723 1909 907 1943 benedicte
935 1910 1093 1952 Domine,

415 1960 547 2001 Gloria,
576 1961 699 2003 virtuS‚
729 1961 839 1995 honor
864 1965 897 1995 et
924 1962 1108 2004 imperium

411 2012 490 2047 Una
519 2022 595 2047 cum
622 2017 723 2057 patre
750 2017 938 2056 sanctoque
966 2014 1149 2057 paraclito,

411 2064 494 2098 Cum
523 2065 645 2107 quibus
674 2075 798 2108 regnas
826 2065 919 2099 Deus
947 2070 1028 2100 ante
1056 2066 1205 2101 saecula.

780 2166 800 2189 >1<
935 2166 954 2189 >1<

856 2196 876 2217 >k

157 2282 189 2317 1.
231 2281 379 2316 Andrea
407 2282 476 2325 pie,
902 2286 936 2319 2.
979 2285 1068 2318 Bina
1097 2284 1255 2318 caelestis

283 2337 481 2367 sanctorum
510 2335 699 2378 mitissime,
1030 2337 1130 2370 aulae
1158 2335 1352 2379 luminaria,

235 2384 360 2420 Obtine
380 2386 507 2419 nostris
978 2388 1104 2422 Iaeobe
1133 2397 1266 2421 necnon

287 2437 459 2471 erratibus
488 2437 623 2472 veniam
1030 2439 1209 2473 Iohannes
1233 2439 1406 2482 theologe,

234 2488 292 2531 Et,
321 2489 380 2532 qui
407 2499 592 2532 gravamur
980 2491 1116 2525 Poscite
1143 2490 1243 2525 nobis

286 2538 424 2574 sarcina
450 2542 699 2585 peccaminum,
1034 2542 1167 2576 veniam
1197 2541 1409 2585 rogantibus,

236 2590 387 2626 Subleva
414 2592 482 2626 tuis
980 2594 1086 2635 Quam
1115 2594 1210 2628 venit
1239 2593 1396 2628 Christus

286 2643 604 2679 intercessionibus
1032 2646 1140 2689 gratis
1170 2645 1254 2679 dare
1282 2645 1430 2678 miseris.
