<?xml version="1.0" encoding="UTF-8"?>
<!DOCTYPE html PUBLIC "-//W3C//DTD XHTML 1.0 Transitional//EN"
    "http://www.w3.org/TR/xhtml1/DTD/xhtml1-transitional.dtd">
<html xmlns="http://www.w3.org/1999/xhtml" xml:lang="en" lang="en">
 <head>
  <title>
</title>
<meta http-equiv="Content-Type" content="text/html;charset=utf-8" />
  <meta name='ocr-system' content='tesseract 3.04.00' />
  <meta name='ocr-capabilities' content='ocr_page ocr_carea ocr_par ocr_line ocrx_word'/>
</head>
<body>
  <div class='ocr_page' id='page_1' title='image "./analectahymnica51drevuoft_0323.png"; bbox 0 0 1652 2872; ppageno 0'>
   <div class='ocr_carea' id='block_1_1' title="bbox 148 126 223 163">
    <p class='ocr_par' dir='ltr' id='par_1_1' title="bbox 148 126 223 163">
     <span class='ocr_line' id='line_1_1' title="bbox 148 126 223 163; baseline 0 0"><span class='ocrx_word' id='word_1_1' title='bbox 148 126 223 163; x_wconf 85' lang='lat'>272</span> 
     </span>
    </p>
   </div>
   <div class='ocr_carea' id='block_1_2' title="bbox 151 232 208 266">
    <p class='ocr_par' dir='ltr' id='par_1_2' title="bbox 151 232 208 266">
     <span class='ocr_line' id='line_1_2' title="bbox 151 232 208 266; baseline 0 0"><span class='ocrx_word' id='word_1_2' title='bbox 151 232 208 266; x_wconf 88' lang='lat'>10.</span> 
     </span>
    </p>
   </div>
   <div class='ocr_carea' id='block_1_3' title="bbox 149 499 207 536">
    <p class='ocr_par' dir='ltr' id='par_1_3' title="bbox 149 499 207 536">
     <span class='ocr_line' id='line_1_3' title="bbox 149 499 207 536; baseline 0.052 -3"><span class='ocrx_word' id='word_1_3' title='bbox 149 499 207 536; x_wconf 90' lang='lat'>11.</span> 
     </span>
    </p>
   </div>
   <div class='ocr_carea' id='block_1_4' title="bbox 149 770 207 805">
    <p class='ocr_par' dir='ltr' id='par_1_4' title="bbox 149 770 207 805">
     <span class='ocr_line' id='line_1_4' title="bbox 149 770 207 805; baseline 0 -1"><span class='ocrx_word' id='word_1_4' title='bbox 149 770 207 805; x_wconf 87' lang='lat'>12.</span> 
     </span>
    </p>
   </div>
   <div class='ocr_carea' id='block_1_5' title="bbox 146 1165 206 1201">
    <p class='ocr_par' dir='ltr' id='par_1_5' title="bbox 146 1165 206 1201">
     <span class='ocr_line' id='line_1_5' title="bbox 146 1165 206 1201; baseline 0.017 -1"><span class='ocrx_word' id='word_1_5' title='bbox 146 1165 206 1201; x_wconf 87' lang='grc'>16.</span> 
     </span>
    </p>
   </div>
   <div class='ocr_carea' id='block_1_6' title="bbox 149 1424 208 1460">
    <p class='ocr_par' dir='ltr' id='par_1_6' title="bbox 149 1424 208 1460">
     <span class='ocr_line' id='line_1_6' title="bbox 149 1424 208 1460; baseline 0 0"><span class='ocrx_word' id='word_1_6' title='bbox 149 1424 208 1460; x_wconf 86' lang='grc'>17.</span> 
     </span>
    </p>
   </div>
   <div class='ocr_carea' id='block_1_7' title="bbox 149 1686 208 1721">
    <p class='ocr_par' dir='ltr' id='par_1_7' title="bbox 149 1686 208 1721">
     <span class='ocr_line' id='line_1_7' title="bbox 149 1686 208 1721; baseline -0.017 0"><span class='ocrx_word' id='word_1_7' title='bbox 149 1686 208 1721; x_wconf 85' lang='grc'>18.</span> 
     </span>
    </p>
   </div>
   <div class='ocr_carea' id='block_1_8' title="bbox 147 1947 208 1982">
    <p class='ocr_par' dir='ltr' id='par_1_8' title="bbox 147 1947 208 1982">
     <span class='ocr_line' id='line_1_8' title="bbox 147 1947 208 1982; baseline 0 0"><span class='ocrx_word' id='word_1_8' title='bbox 147 1947 208 1982; x_wconf 86' lang='grc'>19.</span> 
     </span>
    </p>
   </div>
   <div class='ocr_carea' id='block_1_9' title="bbox 148 2207 210 2240">
    <p class='ocr_par' dir='ltr' id='par_1_9' title="bbox 148 2207 210 2240">
     <span class='ocr_line' id='line_1_9' title="bbox 148 2207 210 2240; baseline 0 0"><span class='ocrx_word' id='word_1_9' title='bbox 148 2207 210 2240; x_wconf 84' lang='lat'>20.</span> 
     </span>
    </p>
   </div>
   <div class='ocr_carea' id='block_1_10' title="bbox 151 2464 212 2500">
    <p class='ocr_par' dir='ltr' id='par_1_10' title="bbox 151 2464 212 2500">
     <span class='ocr_line' id='line_1_10' title="bbox 151 2464 212 2500; baseline 0 -1"><span class='ocrx_word' id='word_1_10' title='bbox 151 2464 212 2500; x_wconf 87' lang='grc'>21.</span> 
     </span>
    </p>
   </div>
   <div class='ocr_carea' id='block_1_11' title="bbox 518 124 1204 166">
    <p class='ocr_par' dir='ltr' id='par_1_11' title="bbox 518 124 1204 166">
     <span class='ocr_line' id='line_1_11' title="bbox 518 124 1204 166; baseline -0.004 -10"><span class='ocrx_word' id='word_1_11' title='bbox 518 127 596 156; x_wconf 83' lang='lat' dir='ltr'>Pars</span> <span class='ocrx_word' id='word_1_12' title='bbox 620 127 662 156; x_wconf 92' lang='grc' dir='ltr'>ΙΙ.</span> <span class='ocrx_word' id='word_1_13' title='bbox 705 127 890 166; x_wconf 84' lang='lat' dir='ltr'>Hymnodia</span> <span class='ocrx_word' id='word_1_14' title='bbox 911 124 1204 156; x_wconf 83' lang='lat' dir='ltr'>Hiberno·Celtica.</span> 
     </span>
    </p>
   </div>
   <div class='ocr_carea' id='block_1_12' title="bbox 250 230 470 264">
    <p class='ocr_par' dir='ltr' id='par_1_12' title="bbox 250 230 470 264">
     <span class='ocr_line' id='line_1_12' title="bbox 250 230 470 264; baseline 0.005 -1"><span class='ocrx_word' id='word_1_15' title='bbox 250 230 383 264; x_wconf 86' lang='lat' dir='ltr'>Eodem</span> <span class='ocrx_word' id='word_1_16' title='bbox 413 230 470 264; x_wconf 87' lang='lat' dir='ltr'>die</span> 
     </span>
    </p>
   </div>
   <div class='ocr_carea' id='block_1_13' title="bbox 303 281 831 327">
    <p class='ocr_par' dir='ltr' id='par_1_13' title="bbox 303 281 831 327">
     <span class='ocr_line' id='line_1_13' title="bbox 303 281 831 327; baseline 0.004 -12"><span class='ocrx_word' id='word_1_17' title='bbox 303 281 465 325; x_wconf 86' lang='lat' dir='ltr'>rubrum,</span> <span class='ocrx_word' id='word_1_18' title='bbox 506 286 544 316; x_wconf 88' lang='lat' dir='ltr'>ut</span> <span class='ocrx_word' id='word_1_19' title='bbox 579 283 694 327; x_wconf 78' lang='lat' dir='ltr'>aiunt,</span> <span class='ocrx_word' id='word_1_20' title='bbox 736 293 831 318; x_wconf 90' lang='lat' dir='ltr'>mare</span> 
     </span>
    </p>
   </div>
   <div class='ocr_carea' id='block_1_14' title="bbox 252 334 630 429">
    <p class='ocr_par' dir='ltr' id='par_1_14' title="bbox 252 334 630 429">
     <span class='ocr_line' id='line_1_14' title="bbox 252 334 629 377; baseline 0 -9"><span class='ocrx_word' id='word_1_21' title='bbox 252 334 338 368; x_wconf 87' lang='lat' dir='ltr'>Post</span> <span class='ocrx_word' id='word_1_22' title='bbox 364 336 498 376; x_wconf 82' lang='lat' dir='ltr'>tergum</span> <span class='ocrx_word' id='word_1_23' title='bbox 527 334 629 377; x_wconf 82' lang='lat' dir='ltr'><strong>liquit</strong></span> 
     </span>
     <span class='ocr_line' id='line_1_15' title="bbox 303 385 630 429; baseline 0.006 -11"><span class='ocrx_word' id='word_1_24' title='bbox 303 385 472 420; x_wconf 82' lang='lat' dir='ltr'>liberatus</span> <span class='ocrx_word' id='word_1_25' title='bbox 500 386 630 429; x_wconf 79' lang='lat' dir='ltr'>Israe13</span> 
     </span>
    </p>
   </div>
   <div class='ocr_carea' id='block_1_15' title="bbox 248 499 718 691">
    <p class='ocr_par' dir='ltr' id='par_1_15' title="bbox 251 499 718 594">
     <span class='ocr_line' id='line_1_16' title="bbox 251 499 604 534; baseline 0.003 -1"><span class='ocrx_word' id='word_1_26' title='bbox 251 499 320 533; x_wconf 88' lang='lat' dir='ltr'>Per</span> <span class='ocrx_word' id='word_1_27' title='bbox 348 499 413 533; x_wconf 90' lang='lat' dir='ltr'>hoc</span> <span class='ocrx_word' id='word_1_28' title='bbox 442 500 604 534; x_wconf 85' lang='lat' dir='ltr'>docemur</span> 
     </span>
     <span class='ocr_line' id='line_1_17' title="bbox 301 551 718 594; baseline -0.002 -9"><span class='ocrx_word' id='word_1_29' title='bbox 301 551 420 586; x_wconf 88' lang='lat' dir='ltr'>mundi</span> <span class='ocrx_word' id='word_1_30' title='bbox 447 554 527 586; x_wconf 82' lang='lat' dir='ltr'>acta</span> <span class='ocrx_word' id='word_1_31' title='bbox 552 561 718 594; x_wconf 89' lang='lat' dir='ltr'>spernere</span> 
     </span>
    </p>

    <p class='ocr_par' dir='ltr' id='par_1_16' title="bbox 248 603 697 691">
     <span class='ocr_line' id='line_1_18' title="bbox 248 603 526 638; baseline 0 -1"><span class='ocrx_word' id='word_1_32' title='bbox 248 603 295 637; x_wconf 89' lang='lat' dir='ltr'>Et</span> <span class='ocrx_word' id='word_1_33' title='bbox 323 603 358 637; x_wconf 91' lang='lat' dir='ltr'>in</span> <span class='ocrx_word' id='word_1_34' title='bbox 388 603 526 638; x_wconf 90' lang='lat' dir='ltr'>deserto</span> 
     </span>
     <span class='ocr_line' id='line_1_19' title="bbox 301 655 697 691; baseline 0.003 -2"><span class='ocrx_word' id='word_1_35' title='bbox 301 655 467 689; x_wconf 83' lang='lat' dir='ltr'>virtutum</span> <span class='ocrx_word' id='word_1_36' title='bbox 496 655 697 691; x_wconf 76' lang='lat' dir='ltr'>consistere.</span> 
     </span>
    </p>
   </div>
   <div class='ocr_carea' id='block_1_16' title="bbox 250 768 739 968">
    <p class='ocr_par' dir='ltr' id='par_1_17' title="bbox 251 768 567 804">
     <span class='ocr_line' id='line_1_20' title="bbox 251 768 567 804; baseline -0.006 0"><span class='ocrx_word' id='word_1_37' title='bbox 251 768 437 804; x_wconf 87' lang='lat' dir='ltr'>Submerso</span> <span class='ocrx_word' id='word_1_38' title='bbox 464 778 567 803; x_wconf 88' lang='lat' dir='ltr'>saevo</span> 
     </span>
    </p>

    <p class='ocr_par' dir='ltr' id='par_1_18' title="bbox 250 820 739 907">
     <span class='ocr_line' id='line_1_21' title="bbox 305 820 739 855; baseline 0 -1"><span class='ocrx_word' id='word_1_39' title='bbox 305 820 422 855; x_wconf 90' lang='lat' dir='ltr'>Cincri</span> <span class='ocrx_word' id='word_1_40' title='bbox 451 824 577 854; x_wconf 84' lang='lat' dir='ltr'>canunt</span> <span class='ocrx_word' id='word_1_41' title='bbox 605 821 739 854; x_wconf 89' lang='lat' dir='ltr'>aemulo</span> 
     </span>
     <span class='ocr_line' id='line_1_22' title="bbox 250 872 522 907; baseline -0.004 0"><span class='ocrx_word' id='word_1_42' title='bbox 250 873 419 907; x_wconf 79' lang='lat' dir='ltr'>Certatim</span> <span class='ocrx_word' id='word_1_43' title='bbox 447 872 522 907; x_wconf 87' lang='lat' dir='ltr'>Deo</span> 
     </span>
    </p>

    <p class='ocr_par' dir='ltr' id='par_1_19' title="bbox 302 924 692 968">
     <span class='ocr_line' id='line_1_23' title="bbox 302 924 692 968; baseline -0.005 -9"><span class='ocrx_word' id='word_1_44' title='bbox 302 924 435 968; x_wconf 71' lang='lat' dir='ltr'>laudes,</span> <span class='ocrx_word' id='word_1_45' title='bbox 463 924 544 959; x_wconf 91' lang='lat' dir='ltr'>duci</span> <span class='ocrx_word' id='word_1_46' title='bbox 570 924 692 967; x_wconf 86' lang='lat' dir='ltr'>igneo;</span> 
     </span>
    </p>
   </div>
   <div class='ocr_carea' id='block_1_17' title="bbox 247 1163 762 1365">
    <p class='ocr_par' dir='ltr' id='par_1_20' title="bbox 249 1163 530 1198">
     <span class='ocr_line' id='line_1_24' title="bbox 249 1163 530 1198; baseline -0.007 0"><span class='ocrx_word' id='word_1_47' title='bbox 249 1165 288 1198; x_wconf 89' lang='lat' dir='ltr'>In</span> <span class='ocrx_word' id='word_1_48' title='bbox 316 1163 383 1198; x_wconf 88' lang='lat' dir='ltr'>fine</span> <span class='ocrx_word' id='word_1_49' title='bbox 410 1163 530 1197; x_wconf 89' lang='lat' dir='ltr'>mundi</span> 
     </span>
    </p>

    <p class='ocr_par' dir='ltr' id='par_1_21' title="bbox 247 1215 695 1302">
     <span class='ocr_line' id='line_1_25' title="bbox 299 1215 695 1259; baseline 0.003 -10"><span class='ocrx_word' id='word_1_50' title='bbox 299 1219 378 1259; x_wconf 92' lang='lat' dir='ltr'>post</span> <span class='ocrx_word' id='word_1_51' title='bbox 407 1219 502 1250; x_wconf 84' lang='lat' dir='ltr'>tanta</span> <span class='ocrx_word' id='word_1_52' title='bbox 529 1215 695 1259; x_wconf 85' lang='lat' dir='ltr'>mysteria</span> 
     </span>
     <span class='ocr_line' id='line_1_26' title="bbox 247 1268 541 1302; baseline 0 0"><span class='ocrx_word' id='word_1_53' title='bbox 247 1268 361 1302; x_wconf 82' lang='lat' dir='ltr'><strong>Adest</strong></span> <span class='ocrx_word' id='word_1_54' title='bbox 388 1268 541 1302; x_wconf 83' lang='lat' dir='ltr'>salvator</span> 
     </span>
    </p>

    <p class='ocr_par' dir='ltr' id='par_1_22' title="bbox 301 1319 762 1365">
     <span class='ocr_line' id='line_1_27' title="bbox 301 1319 762 1365; baseline 0.002 -12"><span class='ocrx_word' id='word_1_55' title='bbox 301 1329 377 1353; x_wconf 91' lang='lat' dir='ltr'>cum</span> <span class='ocrx_word' id='word_1_56' title='bbox 404 1320 530 1362; x_wconf 85' lang='lat' dir='ltr'>grandi</span> <span class='ocrx_word' id='word_1_57' title='bbox 558 1319 762 1365; x_wconf 77' lang='lat' dir='ltr'>clementia3</span> 
     </span>
    </p>
   </div>
   <div class='ocr_carea' id='block_1_18' title="bbox 249 1424 744 1616">
    <p class='ocr_par' dir='ltr' id='par_1_23' title="bbox 249 1424 744 1616">
     <span class='ocr_line' id='line_1_28' title="bbox 251 1424 555 1468; baseline 0 -10"><span class='ocrx_word' id='word_1_58' title='bbox 251 1424 406 1467; x_wconf 81' lang='lat' dir='ltr'>Tamque</span> <span class='ocrx_word' id='word_1_59' title='bbox 433 1427 555 1468; x_wconf 85' lang='lat' dir='ltr'>aperte</span> 
     </span>
     <span class='ocr_line' id='line_1_29' title="bbox 301 1476 744 1521; baseline 0 -11"><span class='ocrx_word' id='word_1_60' title='bbox 301 1476 471 1510; x_wconf 88' lang='lat' dir='ltr'>elementa</span> <span class='ocrx_word' id='word_1_61' title='bbox 499 1477 744 1521; x_wconf 82' lang='lat' dir='ltr'>praetendunt,</span> 
     </span>
     <span class='ocr_line' id='line_1_30' title="bbox 249 1530 593 1572; baseline -0.003 -9"><span class='ocrx_word' id='word_1_62' title='bbox 249 1530 358 1572; x_wconf 82' lang='lat' dir='ltr'>Quam</span> <span class='ocrx_word' id='word_1_63' title='bbox 385 1532 503 1563; x_wconf 90' lang='lat' dir='ltr'>vatum</span> <span class='ocrx_word' id='word_1_64' title='bbox 531 1539 593 1563; x_wconf 84' lang='lat' dir='ltr'>ora</span> 
     </span>
     <span class='ocr_line' id='line_1_31' title="bbox 300 1580 701 1616; baseline 0.002 -2"><span class='ocrx_word' id='word_1_65' title='bbox 300 1580 416 1615; x_wconf 89' lang='lat' dir='ltr'>lucide</span> <span class='ocrx_word' id='word_1_66' title='bbox 444 1580 701 1616; x_wconf 82' lang='lat' dir='ltr'>concelebrant.</span> 
     </span>
    </p>
   </div>
   <div class='ocr_carea' id='block_1_19' title="bbox 250 1684 702 1878">
    <p class='ocr_par' dir='ltr' id='par_1_24' title="bbox 250 1684 684 1781">
     <span class='ocr_line' id='line_1_32' title="bbox 250 1684 556 1720; baseline 0 -1"><span class='ocrx_word' id='word_1_67' title='bbox 250 1685 362 1720; x_wconf 85' lang='lat' dir='ltr'>Natus</span> <span class='ocrx_word' id='word_1_68' title='bbox 390 1688 428 1718; x_wconf 89' lang='lat' dir='ltr'>ut</span> <span class='ocrx_word' id='word_1_69' title='bbox 455 1684 556 1719; x_wconf 85' lang='lat' dir='ltr'>homo</span> 
     </span>
     <span class='ocr_line' id='line_1_33' title="bbox 301 1736 684 1781; baseline 0.003 -11"><span class='ocrx_word' id='word_1_70' title='bbox 301 1737 440 1771; x_wconf 84' lang='lat' dir='ltr'>mortali</span> <span class='ocrx_word' id='word_1_71' title='bbox 470 1736 505 1771; x_wconf 93' lang='lat' dir='ltr'>in</span> <span class='ocrx_word' id='word_1_72' title='bbox 534 1737 684 1781; x_wconf 84' lang='lat' dir='ltr'>tegmine</span> 
     </span>
    </p>

    <p class='ocr_par' dir='ltr' id='par_1_25' title="bbox 251 1788 702 1878">
     <span class='ocr_line' id='line_1_34' title="bbox 251 1788 580 1823; baseline 0.003 -1"><span class='ocrx_word' id='word_1_73' title='bbox 251 1789 329 1823; x_wconf 88' lang='lat' dir='ltr'>Non</span> <span class='ocrx_word' id='word_1_74' title='bbox 358 1788 456 1822; x_wconf 85' lang='lat' dir='ltr'>deest</span> <span class='ocrx_word' id='word_1_75' title='bbox 484 1790 580 1823; x_wconf 89' lang='lat' dir='ltr'>caelo</span> 
     </span>
     <span class='ocr_line' id='line_1_35' title="bbox 301 1842 702 1878; baseline 0.005 -4"><span class='ocrx_word' id='word_1_76' title='bbox 301 1851 443 1875; x_wconf 88' lang='lat' dir='ltr'>manens</span> <span class='ocrx_word' id='word_1_77' title='bbox 470 1842 505 1875; x_wconf 90' lang='lat' dir='ltr'>in</span> <span class='ocrx_word' id='word_1_78' title='bbox 535 1842 702 1878; x_wconf 88' lang='lat' dir='ltr'>trinitate.</span> 
     </span>
    </p>
   </div>
   <div class='ocr_carea' id='block_1_20' title="bbox 250 1945 687 2135">
    <p class='ocr_par' dir='ltr' id='par_1_26' title="bbox 252 1945 687 2040">
     <span class='ocr_line' id='line_1_36' title="bbox 252 1945 580 1989; baseline 0 -10"><span class='ocrx_word' id='word_1_79' title='bbox 252 1945 354 1989; x_wconf 85' lang='lat' dir='ltr'>Vagit</span> <span class='ocrx_word' id='word_1_80' title='bbox 381 1945 417 1979; x_wconf 90' lang='lat' dir='ltr'>in</span> <span class='ocrx_word' id='word_1_81' title='bbox 445 1945 580 1989; x_wconf 87' lang='lat' dir='ltr'>pannis,</span> 
     </span>
     <span class='ocr_line' id='line_1_37' title="bbox 301 1997 687 2040; baseline -0.003 -9"><span class='ocrx_word' id='word_1_82' title='bbox 301 2001 487 2031; x_wconf 83' lang='lat' dir='ltr'>veneratur</span> <span class='ocrx_word' id='word_1_83' title='bbox 513 2008 533 2031; x_wconf 83' lang='lat' dir='ltr'>a</span> <span class='ocrx_word' id='word_1_84' title='bbox 561 1997 687 2040; x_wconf 82' lang='lat' dir='ltr'>Magis,</span> 
     </span>
    </p>

    <p class='ocr_par' dir='ltr' id='par_1_27' title="bbox 250 2048 677 2135">
     <span class='ocr_line' id='line_1_38' title="bbox 250 2048 590 2092; baseline -0.006 -8"><span class='ocrx_word' id='word_1_85' title='bbox 250 2049 375 2092; x_wconf 86' lang='lat' dir='ltr'>Fulget</span> <span class='ocrx_word' id='word_1_86' title='bbox 403 2048 438 2083; x_wconf 91' lang='lat' dir='ltr'>in</span> <span class='ocrx_word' id='word_1_87' title='bbox 467 2049 590 2091; x_wconf 86' lang='lat' dir='ltr'>stellis,</span> 
     </span>
     <span class='ocr_line' id='line_1_39' title="bbox 302 2101 677 2135; baseline 0 -1"><span class='ocrx_word' id='word_1_88' title='bbox 302 2101 470 2135; x_wconf 82' lang='lat' dir='ltr'>adoratur</span> <span class='ocrx_word' id='word_1_89' title='bbox 497 2101 532 2134; x_wconf 89' lang='lat' dir='ltr'>in</span> <span class='ocrx_word' id='word_1_90' title='bbox 561 2101 677 2135; x_wconf 81' lang='lat' dir='ltr'>caelis.</span> 
     </span>
    </p>
   </div>
   <div class='ocr_carea' id='block_1_21' title="bbox 253 2203 741 2402">
    <p class='ocr_par' dir='ltr' id='par_1_28' title="bbox 254 2203 481 2238">
     <span class='ocr_line' id='line_1_40' title="bbox 254 2203 481 2238; baseline -0.009 0"><span class='ocrx_word' id='word_1_91' title='bbox 254 2204 394 2238; x_wconf 84' lang='lat' dir='ltr'>Statura.</span> <span class='ocrx_word' id='word_1_92' title='bbox 421 2203 481 2237; x_wconf 88' lang='lat' dir='ltr'>vili</span> 
     </span>
    </p>

    <p class='ocr_par' dir='ltr' id='par_1_29' title="bbox 253 2255 723 2350">
     <span class='ocr_line' id='line_1_41' title="bbox 305 2255 723 2300; baseline 0 -12"><span class='ocrx_word' id='word_1_93' title='bbox 305 2255 501 2289; x_wconf 82' lang='lat' dir='ltr'>continetur</span> <span class='ocrx_word' id='word_1_94' title='bbox 528 2255 723 2300; x_wconf 80' lang='lat' dir='ltr'>praesaepi,</span> 
     </span>
     <span class='ocr_line' id='line_1_42' title="bbox 253 2306 518 2350; baseline -0.004 -9"><span class='ocrx_word' id='word_1_95' title='bbox 253 2307 358 2341; x_wconf 88' lang='lat' dir='ltr'>Cuius</span> <span class='ocrx_word' id='word_1_96' title='bbox 387 2306 518 2350; x_wconf 83' lang='lat' dir='ltr'>pugillo</span> 
     </span>
    </p>

    <p class='ocr_par' dir='ltr' id='par_1_30' title="bbox 305 2358 741 2402">
     <span class='ocr_line' id='line_1_43' title="bbox 305 2358 741 2402; baseline 0.002 -10"><span class='ocrx_word' id='word_1_97' title='bbox 305 2361 419 2402; x_wconf 85' lang='lat' dir='ltr'>potest</span> <span class='ocrx_word' id='word_1_98' title='bbox 446 2358 541 2392; x_wconf 84' lang='lat' dir='ltr'>orbis</span> <span class='ocrx_word' id='word_1_99' title='bbox 570 2358 741 2394; x_wconf 88' lang='lat' dir='ltr'>concludi.</span> 
     </span>
    </p>
   </div>
   <div class='ocr_carea' id='block_1_22' title="bbox 254 2462 690 2662">
    <p class='ocr_par' dir='ltr' id='par_1_31' title="bbox 254 2462 690 2662">
     <span class='ocr_line' id='line_1_44' title="bbox 256 2462 637 2504; baseline -0.008 -6"><span class='ocrx_word' id='word_1_100' title='bbox 256 2462 477 2504; x_wconf 86' lang='lat' dir='ltr'>Primumque</span> <span class='ocrx_word' id='word_1_101' title='bbox 505 2462 637 2504; x_wconf 87' lang='lat' dir='ltr'>signum</span> 
     </span>
     <span class='ocr_line' id='line_1_45' title="bbox 305 2513 690 2557; baseline 0 -9"><span class='ocrx_word' id='word_1_102' title='bbox 305 2514 481 2557; x_wconf 85' lang='lat' dir='ltr'>portendit</span> <span class='ocrx_word' id='word_1_103' title='bbox 510 2513 690 2556; x_wconf 83' lang='lat' dir='ltr'>discipulis</span> 
     </span>
     <span class='ocr_line' id='line_1_46' title="bbox 254 2569 588 2610; baseline -0.012 -8"><span class='ocrx_word' id='word_1_104' title='bbox 254 2569 374 2610; x_wconf 85' lang='lat' dir='ltr'>Aquae</span> <span class='ocrx_word' id='word_1_105' title='bbox 402 2575 588 2599; x_wconf 84' lang='lat' dir='ltr'>conversae</span> 
     </span>
     <span class='ocr_line' id='line_1_47' title="bbox 304 2617 680 2662; baseline -0.005 -10"><span class='ocrx_word' id='word_1_106' title='bbox 304 2619 340 2652; x_wconf 90' lang='lat' dir='ltr'>in</span> <span class='ocrx_word' id='word_1_107' title='bbox 367 2627 490 2662; x_wconf 83' lang='lat' dir='ltr'>sapore</span> <span class='ocrx_word' id='word_1_108' title='bbox 518 2617 680 2651; x_wconf 84' lang='lat' dir='ltr'>nectaris.</span> 
     </span>
    </p>
   </div>
   <div class='ocr_carea' id='block_1_23' title="bbox 897 232 956 267">
    <p class='ocr_par' dir='ltr' id='par_1_32' title="bbox 897 232 956 267">
     <span class='ocr_line' id='line_1_48' title="bbox 897 232 956 267; baseline -0.017 0"><span class='ocrx_word' id='word_1_109' title='bbox 897 232 956 267; x_wconf 84' lang='lat'>13.</span> 
     </span>
    </p>
   </div>
   <div class='ocr_carea' id='block_1_24' title="bbox 896 500 954 536">
    <p class='ocr_par' dir='ltr' id='par_1_33' title="bbox 896 500 954 536">
     <span class='ocr_line' id='line_1_49' title="bbox 896 500 954 536; baseline 0.034 -2"><span class='ocrx_word' id='word_1_110' title='bbox 896 500 954 536; x_wconf 82' lang='lat'>14.</span> 
     </span>
    </p>
   </div>
   <div class='ocr_carea' id='block_1_25' title="bbox 900 768 958 803">
    <p class='ocr_par' dir='ltr' id='par_1_34' title="bbox 900 768 958 803">
     <span class='ocr_line' id='line_1_50' title="bbox 900 768 958 803; baseline 0 0"><span class='ocrx_word' id='word_1_111' title='bbox 900 768 958 803; x_wconf 82' lang='lat'>15.</span> 
     </span>
    </p>
   </div>
   <div class='ocr_carea' id='block_1_26' title="bbox 837 1070 882 1104">
    <p class='ocr_par' dir='ltr' id='par_1_35' title="bbox 837 1070 882 1104">
     <span class='ocr_line' id='line_1_51' title="bbox 837 1070 882 1104; baseline 0 0"><span class='ocrx_word' id='word_1_112' title='bbox 837 1070 882 1104; x_wconf 93' lang='lat' dir='ltr'>II.</span> 
     </span>
    </p>
   </div>
   <div class='ocr_carea' id='block_1_27' title="bbox 894 1165 953 1198">
    <p class='ocr_par' dir='ltr' id='par_1_36' title="bbox 894 1165 953 1198">
     <span class='ocr_line' id='line_1_52' title="bbox 894 1165 915 1198; textangle 90"><span class='ocrx_word' id='word_1_113' title='bbox 894 1165 915 1198; x_wconf 62' lang='grc' dir='ltr'>[ὑ</span> 
     </span>
     <span class='ocr_line' id='line_1_53' title="bbox 921 1166 953 1198; textangle 90"><span class='ocrx_word' id='word_1_114' title='bbox 921 1166 953 1198; x_wconf 71' lang='grc' dir='ltr'>[ζο</span> 
     </span>
    </p>
   </div>
   <div class='ocr_carea' id='block_1_28' title="bbox 893 1425 954 1459">
    <p class='ocr_par' dir='ltr' id='par_1_37' title="bbox 893 1425 954 1459">
     <span class='ocr_line' id='line_1_54' title="bbox 893 1425 954 1459; baseline -0.016 0"><span class='ocrx_word' id='word_1_115' title='bbox 893 1425 954 1459; x_wconf 85' lang='grc'>23.</span> 
     </span>
    </p>
   </div>
   <div class='ocr_carea' id='block_1_29' title="bbox 897 1687 956 1721">
    <p class='ocr_par' dir='ltr' id='par_1_38' title="bbox 897 1687 956 1721">
     <span class='ocr_line' id='line_1_55' title="bbox 897 1687 956 1721; baseline 0 0"><span class='ocrx_word' id='word_1_116' title='bbox 897 1687 956 1721; x_wconf 88' lang='grc'>24.</span> 
     </span>
    </p>
   </div>
   <div class='ocr_carea' id='block_1_30' title="bbox 897 2205 955 2238">
    <p class='ocr_par' dir='ltr' id='par_1_39' title="bbox 897 2205 955 2238">
     <span class='ocr_line' id='line_1_56' title="bbox 897 2205 955 2238; baseline -0.034 0"><span class='ocrx_word' id='word_1_117' title='bbox 897 2205 955 2238; x_wconf 84' lang='grc'>26.</span> 
     </span>
    </p>
   </div>
   <div class='ocr_carea' id='block_1_31' title="bbox 997 228 1510 428">
    <p class='ocr_par' dir='ltr' id='par_1_40' title="bbox 998 228 1263 272">
     <span class='ocr_line' id='line_1_57' title="bbox 998 228 1263 272; baseline -0.019 -7"><span class='ocrx_word' id='word_1_118' title='bbox 998 231 1123 272; x_wconf 88' lang='lat' dir='ltr'>Sicque</span> <span class='ocrx_word' id='word_1_119' title='bbox 1151 228 1263 272; x_wconf 86' lang='lat' dir='ltr'>erepti</span> 
     </span>
    </p>

    <p class='ocr_par' dir='ltr' id='par_1_41' title="bbox 997 278 1510 368">
     <span class='ocr_line' id='line_1_58' title="bbox 1049 278 1510 324; baseline -0.004 -9"><span class='ocrx_word' id='word_1_120' title='bbox 1049 290 1193 324; x_wconf 86' lang='lat' dir='ltr'>nequam</span> <span class='ocrx_word' id='word_1_121' title='bbox 1222 278 1382 313; x_wconf 89' lang='lat' dir='ltr'>iubemur</span> <span class='ocrx_word' id='word_1_122' title='bbox 1410 278 1510 313; x_wconf 86' lang='lat' dir='ltr'>fretis</span> 
     </span>
     <span class='ocr_line' id='line_1_59' title="bbox 997 332 1300 368; baseline -0.013 0"><span class='ocrx_word' id='word_1_123' title='bbox 997 333 1162 368; x_wconf 82' lang='lat' dir='ltr'>Laudare</span> <span class='ocrx_word' id='word_1_124' title='bbox 1189 332 1300 366; x_wconf 88' lang='lat' dir='ltr'>Deum</span> 
     </span>
    </p>

    <p class='ocr_par' dir='ltr' id='par_1_42' title="bbox 1052 382 1392 428">
     <span class='ocr_line' id='line_1_60' title="bbox 1052 382 1392 428; baseline 0 -9"><span class='ocrx_word' id='word_1_125' title='bbox 1052 384 1203 428; x_wconf 86' lang='lat' dir='ltr'>explosis</span> <span class='ocrx_word' id='word_1_126' title='bbox 1231 382 1392 419; x_wconf 87' lang='lat' dir='ltr'>inimicis.</span> 
     </span>
    </p>
   </div>
   <div class='ocr_carea' id='block_1_32' title="bbox 997 498 1403 699">
    <p class='ocr_par' dir='ltr' id='par_1_43' title="bbox 998 498 1249 533">
     <span class='ocr_line' id='line_1_61' title="bbox 998 498 1249 533; baseline -0.004 -1"><span class='ocrx_word' id='word_1_127' title='bbox 998 499 1045 533; x_wconf 86' lang='lat' dir='ltr'>Et</span> <span class='ocrx_word' id='word_1_128' title='bbox 1072 499 1160 533; x_wconf 88' lang='lat' dir='ltr'>sicut</span> <span class='ocrx_word' id='word_1_129' title='bbox 1187 498 1249 532; x_wconf 88' lang='lat' dir='ltr'>ille</span> 
     </span>
    </p>

    <p class='ocr_par' dir='ltr' id='par_1_44' title="bbox 997 549 1378 637">
     <span class='ocr_line' id='line_1_62' title="bbox 1050 549 1378 595; baseline -0.003 -11"><span class='ocrx_word' id='word_1_130' title='bbox 1050 551 1137 585; x_wconf 86' lang='lat' dir='ltr'>lucis</span> <span class='ocrx_word' id='word_1_131' title='bbox 1166 549 1203 584; x_wconf 88' lang='lat' dir='ltr'>fit</span> <span class='ocrx_word' id='word_1_132' title='bbox 1232 550 1378 595; x_wconf 86' lang='lat' dir='ltr'>initium,</span> 
     </span>
     <span class='ocr_line' id='line_1_63' title="bbox 997 602 1207 637; baseline -0.01 0"><span class='ocrx_word' id='word_1_133' title='bbox 997 603 1053 637; x_wconf 84' lang='lat' dir='ltr'>Ita</span> <span class='ocrx_word' id='word_1_134' title='bbox 1080 606 1115 636; x_wconf 86' lang='lat' dir='ltr'>et</span> <span class='ocrx_word' id='word_1_135' title='bbox 1141 602 1207 636; x_wconf 88' lang='lat' dir='ltr'>iste</span> 
     </span>
    </p>

    <p class='ocr_par' dir='ltr' id='par_1_45' title="bbox 1051 653 1403 699">
     <span class='ocr_line' id='line_1_64' title="bbox 1051 653 1403 699; baseline 0 -11"><span class='ocrx_word' id='word_1_136' title='bbox 1051 654 1173 688; x_wconf 84' lang='lat' dir='ltr'>salutis</span> <span class='ocrx_word' id='word_1_137' title='bbox 1201 653 1403 699; x_wconf 77' lang='lat' dir='ltr'>exordium3</span> 
     </span>
    </p>
   </div>
   <div class='ocr_carea' id='block_1_33' title="bbox 999 768 1353 960">
    <p class='ocr_par' dir='ltr' id='par_1_46' title="bbox 1000 768 1346 864">
     <span class='ocr_line' id='line_1_65' title="bbox 1000 768 1312 812; baseline -0.003 -9"><span class='ocrx_word' id='word_1_138' title='bbox 1000 769 1152 803; x_wconf 88' lang='lat' dir='ltr'>Locatur</span> <span class='ocrx_word' id='word_1_139' title='bbox 1179 768 1312 812; x_wconf 87' lang='lat' dir='ltr'>primus</span> 
     </span>
     <span class='ocr_line' id='line_1_66' title="bbox 1052 820 1346 864; baseline 0 -10"><span class='ocrx_word' id='word_1_140' title='bbox 1052 821 1087 854; x_wconf 92' lang='lat' dir='ltr'>in</span> <span class='ocrx_word' id='word_1_141' title='bbox 1116 824 1235 855; x_wconf 88' lang='lat' dir='ltr'>tenore</span> <span class='ocrx_word' id='word_1_142' title='bbox 1264 820 1346 864; x_wconf 87' lang='lat' dir='ltr'>diei,</span> 
     </span>
    </p>

    <p class='ocr_par' dir='ltr' id='par_1_47' title="bbox 999 871 1353 960">
     <span class='ocr_line' id='line_1_67' title="bbox 999 871 1289 906; baseline 0 0"><span class='ocrx_word' id='word_1_143' title='bbox 999 871 1179 906; x_wconf 81' lang='lat' dir='ltr'>Secundus</span> <span class='ocrx_word' id='word_1_144' title='bbox 1206 882 1289 906; x_wconf 91' lang='lat' dir='ltr'>vero</span> 
     </span>
     <span class='ocr_line' id='line_1_68' title="bbox 1051 923 1353 960; baseline 0.01 -3"><span class='ocrx_word' id='word_1_145' title='bbox 1051 924 1087 958; x_wconf 86' lang='lat' dir='ltr'>in</span> <span class='ocrx_word' id='word_1_146' title='bbox 1115 924 1231 958; x_wconf 86' lang='lat' dir='ltr'>calore</span> <span class='ocrx_word' id='word_1_147' title='bbox 1258 923 1353 960; x_wconf 86' lang='lat' dir='ltr'>fidei.</span> 
     </span>
    </p>
   </div>
   <div class='ocr_carea' id='block_1_34' title="bbox 996 1163 1574 1362">
    <p class='ocr_par' dir='ltr' id='par_1_48' title="bbox 996 1163 1574 1362">
     <span class='ocr_line' id='line_1_69' title="bbox 996 1163 1409 1207; baseline -0.002 -10"><span class='ocrx_word' id='word_1_148' title='bbox 996 1163 1083 1197; x_wconf 92' lang='lat' dir='ltr'>Tum</span> <span class='ocrx_word' id='word_1_149' title='bbox 1112 1173 1176 1207; x_wconf 87' lang='lat' dir='ltr'>per</span> <span class='ocrx_word' id='word_1_150' title='bbox 1204 1163 1409 1206; x_wconf 87' lang='lat' dir='ltr'>prophetam</span> 
     </span>
     <span class='ocr_line' id='line_1_70' title="bbox 1050 1215 1574 1258; baseline 0.004 -10"><span class='ocrx_word' id='word_1_151' title='bbox 1050 1216 1243 1258; x_wconf 87' lang='lat' dir='ltr'>completur</span> <span class='ocrx_word' id='word_1_152' title='bbox 1281 1218 1317 1248; x_wconf 89' lang='lat' dir='ltr'>ut</span> <span class='ocrx_word' id='word_1_153' title='bbox 1346 1215 1476 1250; x_wconf 85' lang='lat' dir='ltr'>dictum</span> <span class='ocrx_word' id='word_1_154' title='bbox 1505 1219 1574 1250; x_wconf 88' lang='lat' dir='ltr'>est:</span> 
     </span>
     <span class='ocr_line' id='line_1_71' title="bbox 997 1267 1279 1302; baseline -0.004 -1"><span class='ocrx_word' id='word_1_155' title='bbox 997 1267 1105 1301; x_wconf 85' lang='lat' dir='ltr'>Saliet</span> <span class='ocrx_word' id='word_1_156' title='bbox 1135 1267 1279 1302; x_wconf 85' lang='lat' dir='ltr'>claudus</span> 
     </span>
     <span class='ocr_line' id='line_1_72' title="bbox 1048 1319 1473 1362; baseline 0 -9"><span class='ocrx_word' id='word_1_157' title='bbox 1048 1323 1085 1353; x_wconf 89' lang='lat' dir='ltr'>ut</span> <span class='ocrx_word' id='word_1_158' title='bbox 1114 1329 1236 1354; x_wconf 85' lang='lat' dir='ltr'>cervus</span> <span class='ocrx_word' id='word_1_159' title='bbox 1264 1319 1473 1362; x_wconf 80' lang='lat' dir='ltr'>perniciter3</span> 
     </span>
    </p>
   </div>
   <div class='ocr_carea' id='block_1_35' title="bbox 997 1422 1430 1625">
    <p class='ocr_par' dir='ltr' id='par_1_49' title="bbox 997 1422 1373 1510">
     <span class='ocr_line' id='line_1_73' title="bbox 997 1422 1297 1467; baseline 0 -9"><span class='ocrx_word' id='word_1_160' title='bbox 997 1424 1175 1467; x_wconf 83' lang='lat' dir='ltr'>Planaque</span> <span class='ocrx_word' id='word_1_161' title='bbox 1203 1422 1297 1458; x_wconf 84' lang='lat' dir='ltr'>fatur</span> 
     </span>
     <span class='ocr_line' id='line_1_74' title="bbox 1047 1475 1373 1510; baseline 0 0"><span class='ocrx_word' id='word_1_162' title='bbox 1047 1475 1206 1510; x_wconf 83' lang='lat' dir='ltr'>absoluto</span> <span class='ocrx_word' id='word_1_163' title='bbox 1235 1476 1373 1510; x_wconf 89' lang='lat' dir='ltr'>vinculo</span> 
     </span>
    </p>

    <p class='ocr_par' dir='ltr' id='par_1_50' title="bbox 997 1528 1430 1625">
     <span class='ocr_line' id='line_1_75' title="bbox 997 1528 1332 1572; baseline 0 -10"><span class='ocrx_word' id='word_1_164' title='bbox 997 1528 1132 1572; x_wconf 85' lang='lat' dir='ltr'>Lingua</span> <span class='ocrx_word' id='word_1_165' title='bbox 1159 1531 1332 1562; x_wconf 85' lang='lat' dir='ltr'>mutorum</span> 
     </span>
     <span class='ocr_line' id='line_1_76' title="bbox 1048 1581 1430 1625; baseline 0 -11"><span class='ocrx_word' id='word_1_166' title='bbox 1048 1581 1243 1625; x_wconf 84' lang='lat' dir='ltr'>imperante</span> <span class='ocrx_word' id='word_1_167' title='bbox 1269 1581 1430 1616; x_wconf 89' lang='lat' dir='ltr'>Domino.</span> 
     </span>
    </p>
   </div>
   <div class='ocr_carea' id='block_1_36' title="bbox 999 1684 1440 1876">
    <p class='ocr_par' dir='ltr' id='par_1_51' title="bbox 999 1684 1440 1876">
     <span class='ocr_line' id='line_1_77' title="bbox 1001 1684 1311 1728; baseline -0.006 -8"><span class='ocrx_word' id='word_1_168' title='bbox 1001 1684 1105 1720; x_wconf 79' lang='lat' dir='ltr'>Sardi</span> <span class='ocrx_word' id='word_1_169' title='bbox 1133 1687 1311 1728; x_wconf 87' lang='lat' dir='ltr'>sanantur,</span> 
     </span>
     <span class='ocr_line' id='line_1_78' title="bbox 1051 1737 1440 1782; baseline 0 -12"><span class='ocrx_word' id='word_1_170' title='bbox 1051 1737 1145 1772; x_wconf 87' lang='lat' dir='ltr'>caeci</span> <span class='ocrx_word' id='word_1_171' title='bbox 1173 1740 1276 1780; x_wconf 86' lang='lat' dir='ltr'>atque</span> <span class='ocrx_word' id='word_1_172' title='bbox 1300 1737 1440 1782; x_wconf 82' lang='lat' dir='ltr'>leprosi,</span> 
     </span>
     <span class='ocr_line' id='line_1_79' title="bbox 999 1790 1258 1824; baseline 0 -1"><span class='ocrx_word' id='word_1_173' title='bbox 999 1790 1135 1824; x_wconf 86' lang='lat' dir='ltr'>Funere</span> <span class='ocrx_word' id='word_1_174' title='bbox 1164 1793 1258 1823; x_wconf 89' lang='lat' dir='ltr'>truso</span> 
     </span>
     <span class='ocr_line' id='line_1_80' title="bbox 1050 1840 1426 1876; baseline 0 0"><span class='ocrx_word' id='word_1_175' title='bbox 1050 1841 1262 1876; x_wconf 87' lang='lat' dir='ltr'>suscitantur</span> <span class='ocrx_word' id='word_1_176' title='bbox 1289 1840 1426 1876; x_wconf 87' lang='lat' dir='ltr'>mortui.</span> 
     </span>
    </p>
   </div>
   <div class='ocr_carea' id='block_1_37' title="bbox 951 1945 1298 1989">
    <p class='ocr_par' dir='ltr' id='par_1_52' title="bbox 951 1945 1298 1989">
     <span class='ocr_line' id='line_1_81' title="bbox 951 1945 1298 1989; baseline -0.003 -9"><span class='ocrx_word' id='word_1_177' title='bbox 951 1973 958 1980; x_wconf 93' lang='lat'>.</span> <span class='ocrx_word' id='word_1_178' title='bbox 1001 1945 1162 1980; x_wconf 89' lang='lat' dir='ltr'>Totidem</span> <span class='ocrx_word' id='word_1_179' title='bbox 1190 1955 1298 1989; x_wconf 86' lang='lat' dir='ltr'>panes</span> 
     </span>
    </p>
   </div>
   <div class='ocr_carea' id='block_1_38' title="bbox 1000 1996 1497 2144">
    <p class='ocr_par' dir='ltr' id='par_1_53' title="bbox 1000 1996 1497 2144">
     <span class='ocr_line' id='line_1_82' title="bbox 1051 1996 1497 2040; baseline -0.002 -9"><span class='ocrx_word' id='word_1_180' title='bbox 1051 1998 1202 2040; x_wconf 84' lang='lat' dir='ltr'>quinque</span> <span class='ocrx_word' id='word_1_181' title='bbox 1230 1997 1358 2031; x_wconf 89' lang='lat' dir='ltr'>dividit</span> <span class='ocrx_word' id='word_1_182' title='bbox 1385 1996 1497 2031; x_wconf 73' lang='lat' dir='ltr'>virum</span> 
     </span>
     <span class='ocr_line' id='line_1_83' title="bbox 1000 2048 1227 2084; baseline 0 -2"><span class='ocrx_word' id='word_1_183' title='bbox 1000 2048 1227 2084; x_wconf 83' lang='lat' dir='ltr'>Saturaturus</span> 
     </span>
     <span class='ocr_line' id='line_1_84' title="bbox 1049 2099 1489 2144; baseline 0.005 -10"><span class='ocrx_word' id='word_1_184' title='bbox 1049 2101 1173 2144; x_wconf 86' lang='lat' dir='ltr'>procul</span> <span class='ocrx_word' id='word_1_185' title='bbox 1203 2099 1307 2135; x_wconf 88' lang='lat' dir='ltr'>dubio</span> <span class='ocrx_word' id='word_1_186' title='bbox 1336 2099 1489 2136; x_wconf 82' lang='lat' dir='ltr'>milibus.</span> 
     </span>
    </p>
   </div>
   <div class='ocr_carea' id='block_1_39' title="bbox 996 2204 1419 2403">
    <p class='ocr_par' dir='ltr' id='par_1_54' title="bbox 996 2204 1419 2403">
     <span class='ocr_line' id='line_1_85' title="bbox 999 2204 1359 2239; baseline -0.003 -1"><span class='ocrx_word' id='word_1_187' title='bbox 999 2205 1083 2238; x_wconf 82' lang='lat' dir='ltr'>Post</span> <span class='ocrx_word' id='word_1_188' title='bbox 1109 2207 1224 2238; x_wconf 86' lang='lat' dir='ltr'>tantas</span> <span class='ocrx_word' id='word_1_189' title='bbox 1251 2204 1359 2239; x_wconf 88' lang='lat' dir='ltr'>moles</span> 
     </span>
     <span class='ocr_line' id='line_1_86' title="bbox 1050 2255 1419 2290; baseline 0 -1"><span class='ocrx_word' id='word_1_190' title='bbox 1050 2255 1188 2290; x_wconf 90' lang='lat' dir='ltr'>divinae</span> <span class='ocrx_word' id='word_1_191' title='bbox 1216 2255 1419 2290; x_wconf 85' lang='lat' dir='ltr'>clementiae</span> 
     </span>
     <span class='ocr_line' id='line_1_87' title="bbox 996 2307 1220 2341; baseline -0.004 0"><span class='ocrx_word' id='word_1_192' title='bbox 996 2307 1132 2341; x_wconf 85' lang='lat' dir='ltr'>Exosus</span> <span class='ocrx_word' id='word_1_193' title='bbox 1160 2307 1220 2341; x_wconf 85' lang='lat' dir='ltr'>ille</span> 
     </span>
     <span class='ocr_line' id='line_1_88' title="bbox 1048 2359 1382 2403; baseline 0 -11"><span class='ocrx_word' id='word_1_194' title='bbox 1048 2359 1188 2393; x_wconf 89' lang='lat' dir='ltr'>stimulo</span> <span class='ocrx_word' id='word_1_195' title='bbox 1215 2359 1382 2403; x_wconf 85' lang='lat' dir='ltr'>invidiae,</span> 
     </span>
    </p>
   </div>
   <div class='ocr_carea' id='block_1_40' title="bbox 900 2461 1254 2504">
    <p class='ocr_par' dir='ltr' id='par_1_55' title="bbox 900 2461 1254 2504">
     <span class='ocr_line' id='line_1_89' title="bbox 900 2461 1254 2504; baseline -0.008 -7"><span class='ocrx_word' id='word_1_196' title='bbox 900 2463 959 2497; x_wconf 88' lang='lat'>27.</span> <span class='ocrx_word' id='word_1_197' title='bbox 1002 2462 1068 2504; x_wconf 78' lang='lat' dir='ltr'>Qui</span> <span class='ocrx_word' id='word_1_198' title='bbox 1095 2461 1254 2495; x_wconf 85' lang='lat' dir='ltr'>invidere</span> 
     </span>
    </p>
   </div>
   <div class='ocr_carea' id='block_1_41' title="bbox 999 2513 1538 2660">
    <p class='ocr_par' dir='ltr' id='par_1_56' title="bbox 999 2513 1538 2660">
     <span class='ocr_line' id='line_1_90' title="bbox 1052 2513 1402 2558; baseline 0.006 -12"><span class='ocrx_word' id='word_1_199' title='bbox 1052 2517 1086 2546; x_wconf 91' lang='lat' dir='ltr'>et</span> <span class='ocrx_word' id='word_1_200' title='bbox 1113 2513 1225 2558; x_wconf 87' lang='lat' dir='ltr'>odire,</span> <span class='ocrx_word' id='word_1_201' title='bbox 1254 2513 1402 2548; x_wconf 83' lang='lat' dir='ltr'>animam</span> 
     </span>
     <span class='ocr_line' id='line_1_91' title="bbox 999 2565 1242 2599; baseline -0.004 0"><span class='ocrx_word' id='word_1_202' title='bbox 999 2565 1065 2599; x_wconf 90' lang='lat' dir='ltr'>Pro</span> <span class='ocrx_word' id='word_1_203' title='bbox 1093 2565 1242 2599; x_wconf 88' lang='lat' dir='ltr'>inimicis</span> 
     </span>
     <span class='ocr_line' id='line_1_92' title="bbox 1045 2616 1538 2660; baseline 0.008 -10"><span class='ocrx_word' id='word_1_204' title='bbox 1045 2626 1236 2660; x_wconf 86' lang='lat' dir='ltr'>prorogans</span> <span class='ocrx_word' id='word_1_205' title='bbox 1265 2616 1326 2652; x_wconf 82' lang='lat' dir='ltr'>dat</span> <span class='ocrx_word' id='word_1_206' title='bbox 1352 2617 1538 2654; x_wconf 85' lang='lat' dir='ltr'>victimam.</span> 
     </span>
    </p>
   </div>
  </div>
 </body>
</html>
