1652 2872
496 148 539 177 H.
572 148 620 177 De
643 147 779 177 Sanctis.
803 161 841 166 —
864 147 913 175 De
937 155 976 175 ss.
999 147 1206 185 Martyribus.
1492 145 1567 184 313

135 245 225 275 clara
253 244 335 276 caeli
363 247 442 278 celsi
472 248 666 286 eulmina(‘?).
687 265 728 269 —
749 247 786 284 9,
815 247 836 277 4
859 250 960 278 vitam
982 251 1067 279 viam
1089 251 1239 280 futuram.
1261 266 1302 270 —-
1326 248 1382 286 10,
1409 248 1430 279 2
1450 249 1568 279 factum

135 288 262 317 misere.
285 304 325 308 —
352 287 397 324 10,
420 288 441 319 4
463 291 541 320 Zum
563 301 644 330 ganz
667 290 901 328 ungewohnten
917 290 1162 329 Enjambement
1184 292 1248 331 vgl.
1265 294 1347 322 Note
1369 301 1409 321 zu
1431 289 1460 328 8,
1486 290 1511 320 1.
1531 307 1567 311 -

138 327 187 365 11,
210 327 229 358 2
252 333 384 367 pectori.
407 348 446 352 —
471 331 520 369 ll,
543 331 563 361 4
585 333 793 362 saeculorum.

220 372 282 400 Die
304 373 410 402 reiche
427 373 631 403 Alliteration
655 373 719 402 und
745 373 801 402 der
815 374 906 402 Reim
927 371 1025 409 (jeder
1048 376 1158 404 zweite
1174 376 1253 405 Vers
1277 375 1370 405 endet
1386 375 1486 411 ausa,
1509 384 1569 404 nur

135 411 164 448 9,
186 411 207 441 4
230 413 287 442 auf
305 412 376 451 am)
399 415 463 444 und
487 416 593 452 einige
617 415 698 444 oben
714 415 925 453 angedeutete
940 414 1289 454 Eigentiimliehkeiten
1304 417 1411 446 lassen
1426 415 1569 445 irischen

135 455 306 493 Ursprung
330 460 513 492 vermuten,
544 457 620 486 aber
642 456 797 485 zuniichst
819 464 886 485 mm·
908 460 1083 486 vermuten.
1128 458 1218 487 Auch
1241 459 1292 488 die
1316 457 1420 487 sicher
1443 467 1500 487 aus
1523 458 1569 486 Ir-

134 496 210 525 land
240 498 458 527 stammenden
482 499 632 536 Hymnen
657 495 757 536 „Alta
784 495 898 526 audite
919 496 959 527 τὰ
985 496 1086 537 ἒργα“
1109 499 1176 535 (Nr.
1200 498 1271 535 241)
1293 500 1356 528 und
1384 497 1570 537 „Beozchw'r

136 537 223 568 bona
252 537 382 576 ‘reyulff
407 540 473 577 (Nr.
498 537 569 575 260)
598 538 710 568 fiihren
741 540 801 568 wie
832 539 887 568 der
916 540 1127 570 vorstehende
1150 541 1211 569 den
1233 539 1327 570 Reim
1351 542 1409 570 aus
1427 548 1449 571 a
1471 541 1570 570 durch

136 579 199 609 alle
223 580 332 609 Verse.
356 597 397 600 —
420 581 492 619 Vgl.
508 578 665 619 Kuypers
689 580 709 609 l.
732 591 769 617 c.,
791 590 863 620 pag.
890 579 948 610 162
968 581 1133 620 (lediglieh
1149 582 1360 621 Wiedergabe
1383 583 1437 611 des
1453 582 1569 612 Textes

135 622 191 651 der
214 621 286 658 Hs.)
307 622 372 651 und
394 619 506 660 Paley,
530 622 564 651 F.
589 624 636 655 A.,
659 623 765 652 Home
788 622 851 652 and
867 623 1006 661 Foreign
1021 624 1151 653 Review
1169 624 1194 658 Ι,
1217 633 1246 661 p.
1269 621 1331 652 478
1352 623 1418 660 (der
1442 623 1568 654 stenen-

135 664 231 693 weise
255 664 326 693 eine
341 661 628 693 Textemendation
650 664 856 703 vorschlagt).
873 681 913 684 —
929 665 1030 694 Titel:
1055 664 1294 702 „Commoniter
1319 665 1358 694 ad
1375 664 1566 703 apostolos.“

493 881 568 914 236.
604 882 765 922 Hymnus
789 881 826 913 in
850 881 983 914 Natale
1006 881 1209 922 Martyrum

544 957 608 986 vel
639 957 812 986 sabbato
843 957 888 986 ad
917 957 1171 986 Matutinam.

270 1083 302 1118 1.
345 1082 581 1117 Sacratissimi
608 1086 780 1125 martyres
808 1083 931 1117 summi
960 1083 1038 1129 Dei,

345 1135 539 1169 Bellatores
568 1133 750 1169 fortissimi
779 1135 909 1169 Christi
938 1135 1041 1181 regis,

345 1187 582 1222 Potentissimi
612 1187 718 1221 duces
747 1188 920 1222 exereitus
949 1187 1028 1229 Dei,

399 1239 559 1275 Victores
588 1239 623 1273 in
653 1240 759 1275 caelis
787 1240 864 1274 Deo
893 1244 1076 1275 canentes:
1106 1238 1274 1275 Alleluia.

265 1366 300 1401 2.
342 1365 601 1411 Excelsissime‚
632 1365 783 1406 Christe,
813 1366 992 1400 caelorum
1019 1365 1126 1407 Deus,

345 1417 533 1452 Cherubim
563 1417 617 1451 cui
645 1417 746 1452 sedes
776 1426 853 1452 cum
881 1420 983 1460 patre
1011 1427 1122 1459 sacra,

347 1470 560 1513 Angelorum
589 1473 624 1503 et
651 1472 844 1514 martyrum
873 1470 1011 1516 fulgens
1040 1470 1166 1504 chorus

395 1521 475 1556 Tibi
504 1523 617 1557 sancti
644 1522 881 1565 proclamant:
914 1521 1086 1557 Alleluia.

265 1648 299 1682 3.
342 1646 541 1692 Magnifice,
571 1650 608 1681 tu
636 1647 734 1690 prior
761 1648 924 1691 omnium,
956 1657 1080 1692 passus
1109 1657 1245 1682 crucem

344 1699 410 1742 Qui
441 1699 579 1735 devicta
606 1704 718 1734 morte
746 1698 915 1734 refulsisti
943 1700 1084 1744 mundo,

345 1752 548 1787 Ascendisti
575 1752 621 1786 ad
650 1752 765 1787 caelos
793 1753 839 1786 ad
868 1752 1030 1787 dextram
1057 1752 1135 1796 Dei,

397 1804 477 1838 Tibi
505 1805 617 1839 sancti
645 1805 880 1848 proclamant:
909 1804 1076 1840 Alleluia.

265 1931 301 1965 4.
342 1929 461 1964 Armis
489 1929 708 1972 spiritalibus
737 1930 870 1964 munita
896 1933 1011 1964 mente

345 1981 507 2025 Apostoli
535 1982 647 2016 sancti
675 1986 710 2015 te
737 1985 818 2016 sunt
844 1982 966 2021 secuti,

342 2035 419 2077 Qui,
450 2044 525 2068 cum
555 2034 623 2077 ipsi
652 2034 764 2068 crucis
794 2038 998 2077 paterentur
1025 2037 1183 2077 mortem,

396 2085 475 2120 Tibi
498 2087 609 2120 sancti
638 2086 828 2123 canebant:
858 2086 1028 2121 Alleluia.

269 2212 304 2245 5.
348 2210 497 2253 Christe,
528 2214 719 2255 martyrum
747 2215 786 2246 tu
814 2221 850 2245 es
879 2212 1019 2246 adiutor
1046 2214 1169 2254 potens

347 2261 597 2297 Proeliantium
626 2266 746 2297 sancta-
774 2273 838 2306 pro
866 2267 925 2298 tua
953 2263 1074 2307 gloria,

345 2315 422 2359 Qui,
452 2324 528 2348 cum
557 2315 707 2349 victores
736 2317 872 2349 exirent
903 2317 946 2349 de
975 2315 1039 2349 hoc
1069 2315 1194 2359 saeclo,

395 2366 475 2400 Tibi
504 2368 615 2401 sancti
641 2367 830 2402 canebant:
862 2366 1028 2403 Alleluia.

271 2492 304 2525 6.
347 2491 499 2526 Illustris
527 2496 599 2536 tua,
627 2492 786 2534 Domine,
816 2491 993 2525 laudanda
1021 2491 1142 2536 virtus,

345 2543 440 2584 Quae
468 2554 532 2588 per
560 2544 721 2587 spiritum
751 2546 907 2577 sanctum
932 2541 1085 2576 firmavit
1112 2547 1297 2587 martyres,

344 2594 409 2636 Qui
437 2599 703 2630 consternere-it
732 2595 891 2629 zabulum
920 2598 954 2628 et
981 2598 1127 2628 mortem
1156 2596 1356 2635 vincerent;

397 2646 475 2681 Tibi
503 2648 617 2682 sancti
643 2646 832 2681 canebant:
863 2644 1032 2681 Alleluia.
