1652 2872
573 150 609 178 Β.
641 149 762 186 Hymni
784 149 822 178 de
843 149 1001 186 Tempore
1022 150 1157 188 Proprii.
1522 152 1570 189 65

640 331 692 364 64.
726 331 768 363 In
791 331 1090 376 quadragesima.

729 396 784 424 Ad
816 396 990 425 Sextam.

144 502 176 535 1.
221 499 373 534 Meridie
401 501 571 534 orandum
602 503 664 544 est,
894 503 926 536 3.
970 501 1039 534 Det
1068 501 1167 535 nobis
1195 502 1361 535 auxilium

219 551 376 585 Christus
407 552 650 595 deprecandus
678 556 743 594 est,
967 554 1034 587 Per
1063 553 1203 596 angelos
1231 553 1421 599 mirabiles,

219 603 267 637 Ut
294 603 411 638 iubeat
439 614 502 638 nos
532 604 636 638 edere
966 604 1032 646 Qui
1061 613 1198 647 semper
1224 615 1286 638 nos
1315 606 1511 640 custodiant

218 655 272 689 De
300 665 360 689 suo
390 659 510 690 saneto
539 665 697 700 corpore,
967 657 1007 690 In
1028 657 1128 690 'omni
1157 656 1229 690 vita
1257 657 1396 693 saeculi.

139 760 176 793 2.
221 756 271 795 Ut
299 759 359 792 ille
387 759 433 792 sit
458 758 647 793 laudabilis
886 762 921 795 4.
966 759 1088 794 Gloria
1114 759 1191 801 tibi,
1221 759 1373 804 trinitas,

216 811 257 845 In
285 811 446 844 universo
474 811 614 854 populo.
963 812 1132 855 Aequalis
1159 822 1226 846 una
1257 811 1368 846 deitas

220 863 301 904 Ipse
328 863 504 896 caelorum
533 863 702 904 dominus,
963 863 1010 897 Et
1037 868 1118 898 ante
1145 873 1245 898 omne
1272 864 1448 898 saeculum

216 915 279 957 Qui
308 915 408 948 sedet
436 915 473 948 in
501 915 691 957 altissimis,
962 915 1008 949 Et
1037 926 1127 949 nunc
1156 920 1189 949 et
1214 917 1249 949 in
1278 920 1495 958 perpetuum.

220 1026 350 1057 Collect.
381 1031 412 1057 et
441 1028 561 1065 Hymn.
592 1038 648 1057 ms.
679 1028 888 1058 Murbaeense
921 1029 946 1064 k?
978 1028 1149 1064 Augiense)
1177 1038 1258 1057 saec.
1288 1026 1329 1063 (8.
1354 1027 1394 1063 et)
1417 1026 1446 1057 9.
1492 1027 1566 1057 Cod.

136 1068 290 1098 Oxonien.
321 1069 411 1098 Bodl.
441 1070 510 1098 Iun.
540 1068 590 1098 25.
620 1069 657 1097 A.
689 1087 726 1090 —
757 1069 887 1099 Colleet.
919 1072 951 1099 et
980 1070 1098 1107 Hymn.
1128 1079 1186 1098 ms.
1210 1070 1402 1099 Corbeiense
1432 1078 1514 1098 saec.
1540 1067 1569 1098 9.

137 1110 212 1139 Cod.
242 1110 381 1140 Parisin.
413 1108 528 1140 14088.
557 1112 595 1140 Β.
618 1127 659 1130 —-
681 1112 799 1149 Hymn.
833 1121 889 1141 ms.
914 1111 1071 1141 Bobiense
1095 1121 1176 1140 saec.
1204 1109 1249 1140 10.
1296 1110 1372 1140 Cod.
1397 1112 1568 1140 Taurinen.

136 1151 163 1181 G
191 1151 253 1180 VII
279 1150 325 1181 18.
350 1152 382 1181 C.
408 1167 445 1171 —-
469 1153 587 1190 Hymn.
612 1162 668 1181 ms.
694 1153 852 1182 Bobiense
875 1162 958 1182 saec.
987 1152 1031 1182 11.
1076 1153 1151 1182 Cod.
1176 1154 1323 1181 Vatican.
1349 1150 1440 1181 5776.
1464 1153 1503 1181 D.
1528 1168 1568 1171 ι

135 1194 253 1231 Hymn.
284 1203 340 1222 ms·
364 1195 622 1223 Beneventanum
654 1204 736 1223 saec.
773 1193 819 1223 10.
853 1204 900 1223 ex.
953 1194 1029 1223 Cod.
1061 1195 1207 1223 Vatican.
1232 1194 1339 1224 Ottob.
1377 1192 1445 1223 145.
1469 1193 1505 1222 Ε.

135 1235 252 1272 Hymn.
282 1245 340 1264 ms.
364 1236 515 1265 Farfense
546 1246 627 1265 saec.
660 1234 740 1265 ¹⁰s‘11.
792 1236 868 1266 cod.
891 1237 1041 1265 Turieeu.
1072 1236 1172 1265 Rhen.
1197 1235 1244 1265 91.
1270 1237 1304 1265 F.
1331 1252 1366 1255 -—<
1392 1237 1485 1265 Brev.
1510 1245 1566 1264 ms.

134 1276 285 1305 Farfense
309 1286 390 1306 saec.
417 1275 464 1305 11.
509 1277 586 1307 Cod.
609 1277 755 1307 Turieen.
779 1278 881 1307 Rhen.
904 1275 954 1307 82.
979 1277 1016 1306 G.
1040 1293 1077 1296 -
1102 1279 1220 1315 Hymn.
1245 1287 1301 1306 ms.
1322 1277 1567 1306 Severinianum

135 1327 215 1347 saeC.
247 1316 326 1348 ¹⁰1'11.
377 1318 453 1348 Cod.
477 1319 624 1348 Vatican.
654 1318 744 1348 7172.
775 1321 817 1348 Η.
846 1334 885 1338 -
916 1320 1032 1356 Hymn.
1065 1329 1122 1348 ms.
1146 1319 1376 1348 Moissiaeeuse
1408 1327 1492 1347 saec.
1521 1318 1568 1348 10.

135 1358 209 1388 Cod.
232 1360 378 1389 Rossian.
402 1360 482 1389 VIII
506 1359 574 1389 144.
597 1362 622 1390 Ι.
647 1376 686 1380 -
708 1362 827 1398 Hymn.
851 1370 908 1389 ms.
931 1360 964 1389 S.
986 1360 1140 1389 Iohannis
1163 1360 1387 1390 Laudunensis
1411 1369 1492 1389 saec.
1519 1359 1566 1390 10.

135 1401 210 1430 Cod.
235 1399 367 1430 Bernen.
391 1399 462 1430 455.
487 1403 526 1431 K.
550 1419 589 1422 —
613 1402 745 1432 collect.
768 1413 826 1432 ms.
853 1402 1147 1439 Sandionysianum
1171 1411 1252 1432 saec.
1280 1401 1326 1431 11.
1343 1401 1386 1437 (et
1401 1399 1460 1437 12.)
1491 1401 1566 1430 Cod.

134 1442 395 1481 Sangenovefian.
429 1441 517 1472 1186.
548 1445 585 1472 L.
616 1459 655 1463 ——
686 1444 816 1474 Collect.
847 1453 904 1473 ms.
936 1443 967 1472 S.
991 1444 1161 1472 Maximini
1183 1444 1384 1473 Trevirensis
1408 1452 1490 1472 saec.
1520 1441 1566 1472 10.

133 1483 209 1513 Cod.
231 1484 396 1514 Treviren.
421 1483 481 1513 592
505 1483 618 1522 (1404).
645 1486 688 1514 Μ.
711 1501 752 1505 -
775 1487 892 1523 Hymn.
918 1495 975 1514 ms.
992 1485 1248 1523 Campidunense
1264 1494 1346 1514 saec.
1366 1482 1446 1514 lossii.
1489 1485 1566 1514 Cod.

133 1525 279 1554 Turicen.
310 1526 410 1555 Rhen.
441 1524 491 1555 83.
521 1527 558 1555 N.
593 1543 626 1546 —
661 1528 778 1565 Hymn.
803 1536 859 1556 ms.
884 1527 1200 1565 Anglo-Saxonicum
1221 1527 1458 1563 (Monasticum)
1482 1535 1564 1555 saec.

135 1564 180 1596 11.
203 1568 246 1596 in.
292 1567 367 1597 Cod.
385 1568 563 1597 Londinen.
588 1569 681 1606 Vesp.
697 1570 727 1598 D
740 1569 812 1598 XII.
830 1569 867 1598 Ο.
885 1585 925 1588 —-
941 1568 1108 1597 Colleetar.
1123 1571 1154 1597 et
1171 1569 1288 1606 Hymn.
1306 1577 1363 1597 ms.
1380 1567 1564 1596 Exoniense

131 1606 253 1645 (postea
282 1609 390 1647 Epise.
413 1610 552 1646 Leofric)
581 1619 663 1640 saec.
691 1610 739 1639 11.
784 1610 861 1640 eod.
888 1609 1066 1639 Londinen.
1090 1610 1182 1638 Harl.
1205 1608 1295 1639 2961.
1320 1610 1356 1639 P.
1382 1625 1420 1629 —
1445 1609 1563 1646 Hymn.

130 1658 192 1678 ms.
213 1650 436 1680 WVintoniense
460 1660 541 1680 saec.
569 1650 615 1679 11.
659 1652 736 1681 Cod.
761 1652 865 1690 Capit.
889 1651 1080 1681 Dunelmen.
1106 1652 1129 1679 Β
1152 1649 1262 1681 11132.
1281 1652 1318 1688 Q.
1335 1666 1376 1670 ——
1392 1650 1560 1679 Colleetar.

130 1694 163 1720 et
184 1693 302 1728 Hymn.
326 1702 383 1721 ms.
406 1693 631 1722 Wintoniense
651 1692 677 1730 (ἶ)
700 1693 925 1732 Vigomiense)
947 1702 1028 1722 saec.
1054 1691 1102 1721 11.
1141 1693 1218 1722 Cod.
1234 1693 1316 1722 Coll.
1334 1695 1428 1730 Corp.
1446 1692 1567 1722 Christi

130 1732 368 1772 Cantabrigien.
392 1732 462 1763 391.
486 1736 524 1764 R.
548 1752 586 1755 —
609 1735 708 1764 Psalt.
733 1738 764 1764 et
785 1736 904 1773 Hymn.
928 1744 984 1763 ms.
1000 1735 1230 1764 Cantuariense
1255 1744 1337 1763 saec.
1363 1731 1443 1763 ¹⁰f'11.
1489 1734 1566 1763 Cod.

130 1773 308 1804 Londinen.
332 1775 411 1805 Add.
437 1773 477 1805 37
487 1774 557 1805 517.
582 1777 614 1806 S.
639 1793 675 1797 —
700 1777 878 1806 Varianten
901 1785 958 1805 aus
982 1776 1122 1805 CHLRS
1148 1777 1238 1805 nicht
1260 1776 1472 1805 verzeichnet.

214 1814 248 1850 1,
274 1817 288 1845 l
314 1826 346 1845 es
370 1818 406 1845 B.
434 1834 473 1837 —
499 1816 531 1852 1,
555 1815 574 1845 2
598 1817 808 1856 Christusque
830 1817 1004 1854 DIKOPQ.
1030 1834 1066 1836 —
1093 1817 1106 1846 1
1127 1839 1134 1852 ,
1156 1817 1176 1846 4
1199 1819 1247 1847 De
1270 1817 1350 1847 fehlt
1371 1817 1408 1845 E.
1434 1833 1473 1837 κ-
1495 1815 1524 1852 2,
1550 1815 1564 1845 1

129 1856 171 1885 Et
199 1858 238 1887 D.
270 1874 306 1878 —
331 1856 364 1894 2,
398 1857 416 1888 2
444 1860 604 1888 universis
634 1860 760 1898 populis
791 1860 854 1889 alle
884 1861 959 1888 Hss.
984 1859 1090 1888 ausser
1112 1860 1244 1889 ABMN.
1271 1875 1312 1878 —-
1335 1858 1368 1892 2,
1400 1856 1418 1887 3
1442 1858 1504 1894 Qui
1529 1868 1561 1887 se

129 1899 289 1928 caelorum
318 1901 356 1929 K.
389 1916 427 1920 —
455 1898 496 1936 2,
522 1899 542 1929 4
572 1901 654 1930 sedit
682 1902 726 1937 Β,
757 1901 907 1930 altissimi
930 1901 965 1929 B.
990 1918 1029 1921 —
1052 1899 1089 1936 3,
1123 1900 1137 1929 1
1162 1902 1287 1939 Detque
1310 1900 1474 1936 DIKOPQ
1496 1900 1563 1934 [cfr.

129 1940 283 1970 variante
306 1951 346 1970 zu
370 1941 396 1977 1,
422 1940 460 1979 2).
484 1959 525 1961 -
552 1940 580 1977 3,
604 1941 623 1971 2
647 1943 805 1972 mirabilis
828 1943 864 1972 B.
881 1958 920 1962 --
937 1939 966 1977 3,
989 1939 1008 1971 3
1025 1943 1087 1977 Qui
1104 1952 1161 1972 nos
1179 1952 1302 1980 semper
1321 1943 1366 1974 N;
1392 1941 1560 1970 eostodant

128 1981 164 2010 B·
189 1997 227 2000 —-
250 1981 284 2018 3,
307 1982 327 2012 4
350 1984 417 2012 vita
440 1984 568 2013 saecula
592 1983 657 2013 BG.
681 2001 719 2005 --
743 1985 806 2013 Zur
829 1985 1010 2022 Doxologie
1032 1984 1095 2022 vgl.
1119 1982 1380 2023 vorhergehende
1398 1984 1559 2012 Numiner.

212 2024 296 2053 Titel
319 2025 397 2053 fehlt
419 2026 452 2054 in
474 2026 517 2061 A;
548 2027 582 2054 in
604 2027 646 2055 B:
680 2025 747 2064 „Ad
769 2026 879 2055 sexta“
905 2025 968 2055 und
991 2028 1084 2054 unter
1105 2026 1160 2055 der
1182 2026 1312 2064 Gruppe
1337 2026 1393 2063 „In
1417 2024 1559 2060 Quadra-

130 2063 287 2102 gesimo“3
318 2066 447 2095 {ihnlieh
474 2068 508 2096 in
534 2067 595 2096 den
618 2067 757 2097 anderen
780 2067 924 2104 Quellen.
951 2082 990 2086 —
1016 2068 1079 2096 Der
1102 2069 1250 2105 Hymnus
1274 2066 1397 2096 scheint
1419 2067 1560 2104 weniger

130 2105 344 2146 Verbreitung
365 2108 522 2146 gefunden
547 2118 587 2137 zu
608 2109 713 2138 haben
736 2109 784 2138 als
808 2110 877 2139 sein
892 2109 1039 2138 Pendant
1061 2119 1117 2138 zur
1131 2109 1222 2139 Terz,
1254 2106 1379 2138 Stet-ers
1397 2108 1559 2137 bemerkte

132 2157 242 2187 sogar:
267 2150 353 2187 „Nur
376 2151 409 2178 in
433 2150 459 2179 O
480 2149 532 2187 (Ξ
545 2150 584 2185 A)
607 2148 769 2180 erhalten“
793 2149 825 2186 (1.
849 2160 874 2179 c.
898 2160 970 2189 pag.
994 2149 1055 2186 45).

613 2312 668 2346 65.
702 2313 747 2345 In
770 2312 1070 2357 Quadragesima.

717 2377 773 2406 Ad
804 2378 978 2407 Sextam.

134 2478 166 2513 1.
210 2479 282 2521 Qua
311 2480 470 2515 Christus
499 2482 585 2515 hora
613 2481 710 2525 sitiit,
876 2483 910 2517 2.
954 2481 1085 2522 Quibus
1114 2482 1160 2516 sit
1188 2486 1220 2515 et
1251 2482 1391 2518 esuries,

210 2531 352 2566 Crucem
380 2533 435 2567 vel
463 2533 499 2566 in
526 2543 594 2575 qua
621 2533 739 2578 subiit,
953 2533 1061 2574 Quam
1089 2534 1164 2575 ipse
1194 2534 1236 2567 de
1265 2543 1301 2566 se
1330 2534 1444 2571 satiet.

210 2582 301 2623 Quos
329 2588 486 2626 praestat
505 2585 541 2618 in
562 2584 626 2618 hac
645 2585 809 2627 psallere,
954 2585 1092 2619 Crimen
1121 2585 1166 2618 sit
1193 2590 1228 2618 ut
1259 2584 1437 2618 fastidium

208 2633 304 2667 Ditet
333 2636 390 2668 siti
417 2636 584 2671 iustitiae.
954 2636 1142 2679 Virtusque
1171 2636 1392 2670 desiderium.

194 2696 330 2727 Blume,
362 2697 505 2722 Thesauri
522 2698 725 2729 hymnologioi
744 2697 952 2729 Hymnarium.
1351 2704 1369 2723 o
