1652 2872
148 247 206 284 13.

147 527 208 563 14.

145 807 203 843 15.

143 1088 201 1122 16.

143 1369 204 1405 17.

143 1651 203 1686 18.

147 1932 207 1967 19.

144 2208 206 2243 20.

144 2481 207 2515 21.

174 2679 182 2697 x,
204 2695 347 2724 Blume.
370 2695 516 2720 Thesauri
532 2695 733 2727 hymnologici
751 2695 960 2727 Hymnarium.

540 146 600 176 111.
631 146 740 176 Varia.
764 162 803 165 —
827 145 874 175 De
897 145 1049 176 vanitate
1074 145 1177 177 Vitae.
1495 145 1570 184 353

249 250 335 285 Orto
363 251 436 285 sole
464 251 592 285 arescit

303 301 441 337 foenum
469 306 503 337 et
527 301 589 337 flos
619 301 776 346 deperit3

251 354 308 388 Sic
336 358 388 389 est
416 354 525 389 omnis
554 355 726 399 iuventus,

301 407 410 441 virtus
440 416 514 440 cum
545 404 724 442 defecerit.

251 529 478 564 pulchritudo
507 529 681 564 hominum

301 591 482 616 senescens
512 580 697 624 delabitur,

248 633 366 667 Omnis
395 633 501 667 decor
527 632 696 676 pristinus

299 694 373 718 cuin
405 685 523 719 dolore
551 683 699 719 raditur.

247 808 372 843 Vultus
401 808 542 854 Christi,
570 808 689 843 radius

296 869 380 902 prae
409 860 542 894 cunctis
571 860 743 901 amabilis,

246 911 358 954 Magis
390 912 587 955 diligendus
616 916 679 951 est,

296 973 397 1006 quam
436 963 499 998 flos
534 964 647 998 carnis
676 963 822 1005 fragilis

246 1086 386 1133 Caveto,
417 1085 534 1131 filiole,

297 1137 505 1172 feminarum
533 1139 678 1181 species,

244 1191 312 1224 Per
340 1200 425 1233 quas
454 1201 533 1225 mox
563 1190 760 1233 ingreditur

295 1252 364 1276 non
392 1252 502 1285 parva
530 1241 713 1285 pernicies

246 1367 410 1410 Plerique
437 1367 598 1411 perpessi
626 1370 706 1400 sunt

296 1429 487 1462 poenarum
514 1419 678 1453 incendia

244 1471 443 1507 Voluntatis
471 1471 627 1506 lubricae

297 1524 455 1558 nolentes
484 1523 679 1566 dispendia.

248 1648 414 1683 Poculum
441 1647 667 1691 impiissimae

300 1700 371 1734 noli
398 1710 549 1743 unquam
578 1699 709 1742 bibere,

248 1753 351 1788 Unde
379 1752 506 1786 multos
534 1752 737 1795 plerumque

300 1804 398 1840 vides
426 1804 536 1840 laetos
564 1804 705 1849 ridere3

249 1928 356 1970 Nam,
385 1937 617 1971 quoscumque
645 1927 777 1962 videris

304 1980 421 2015 ridere
447 1980 608 2023 inaniter,

249 2033 355 2078 Scito,
385 2032 420 2066 in
449 2032 645 2067 novissimis

301 2084 393 2128 quod
419 2082 551 2118 flebunt
578 2083 754 2120 amariter.

250 2203 433 2249 conspice,
463 2202 652 2246 carissime,

302 2257 353 2290 sic
381 2264 455 2289 esse
481 2254 665 2289 libidinem

250 2308 298 2344 Ut
325 2316 477 2341 morsum
505 2306 732 2353 mortiferum,

301 2359 393 2402 quod
439 2358 548 2392 vincit
593 2359 824 2394 dulcedinem.

249 2477 332 2511 Noli
359 2486 489 2520 pronus
516 2486 663 2521 pergere

298 2538 362 2572 per
388 2529 478 2563 viam
506 2529 714 2572 mortalium,

249 2580 323 2623 Qua
351 2580 468 2616 multis
497 2581 653 2615 evenisse

308 2632 478 2676 conspicis
506 2631 735 2676 naufragium.

892 252 950 286 22.

895 529 955 563 23.

891 809 952 843 24.

895 1088 956 1122 25.

893 1368 954 1403 26.

894 1648 955 1684 27.

895 1929 954 1964 28.

893 2205 953 2239 29.

892 2479 952 2516 30.

995 252 1106 295 Perge
1132 251 1223 285 inter
1250 252 1391 295 laqueos

1049 313 1124 337 cum
1152 304 1328 346 suspensis
1356 302 1516 347 pedibus,

994 354 1062 388 Per
1088 364 1172 397 quos
1201 359 1321 398 captos
1350 358 1482 390 ceteros

1045 406 1202 441 incautos
1231 408 1473 450 comperimus,

998 528 1052 562 De
1080 529 1227 563 terrenis
1257 530 1355 564 eleva

1049 580 1099 614 tui
1127 581 1243 615 cordis
1272 582 1399 627 oculos,

997 632 1088 666 Ama
1115 633 1368 667 amantissimos

1049 684 1248 727 angelorum
1277 685 1436 727 populos.

996 808 1105 842 Beata
1133 807 1276 852 familia,

1048 870 1134 903 quae
1160 861 1196 894 in
1224 860 1304 894 altis
1333 859 1479 904 habitat,

994 911 1063 946 Ubi
1088 921 1192 946 senex
1222 922 1289 946 non
1317 912 1422 955 gemit

1047 973 1157 1006 neque
1185 962 1300 999 infans
1329 964 1486 1008 vagitat3

1000 1086 1070 1121 Ubi
1097 1087 1219 1121 laudes
1247 1087 1399 1133 Domini,

1051 1139 1146 1172 nulla
1175 1149 1240 1173 vox
1269 1139 1452 1182 retinetur,

997 1190 1068 1226 Ubi
1097 1200 1166 1224 non
1195 1191 1356 1233 esuritur,

1049 1242 1109 1276 ubi
1137 1253 1310 1286 nunquam
1339 1243 1474 1288 sititur3

998 1367 1068 1403 Ubi
1097 1366 1174 1401 cibo
1203 1377 1353 1410 superno

1047 1419 1148 1463 plebs
1177 1420 1336 1454 caelestis
1364 1421 1540 1465 pascitur3

997 1471 1065 1506 Ubi
1095 1481 1195 1506 nemo
1223 1472 1381 1518 moritur,

1048 1523 1129 1568 quia
1158 1533 1258 1558 nemo
1287 1524 1463 1567 nascitur3

999 1647 1070 1683 Ubi
1097 1648 1178 1682 aula
1203 1649 1299 1692 regia

1051 1700 1144 1735 dulci
1173 1705 1275 1735 cantu
1302 1700 1407 1744 plena
1434 1705 1497 1745 est,

998 1754 1038 1787 ln
1067 1763 1135 1796 qua
1163 1753 1252 1787 male
1280 1762 1446 1788 resonans

1050 1805 1144 1839 nulla¹
1174 1815 1240 1840 vox
1268 1805 1389 1840 audita
1417 1808 1488 1851 est3

999 1928 1070 1965 Ubi
1096 1929 1169 1964 vita
1197 1929 1319 1964 viridis

1048 1990 1199 2025 veraque
1228 1980 1345 2016 futura
1373 1985 1437 2025 est,

995 2034 1104 2077 Quam
1128 2043 1192 2067 nec
1211 2043 1303 2068 mors
1324 2043 1388 2068 nec
1406 2033 1573 2068 maeroris

1047 2088 1158 2120 metus
1200 2090 1466 2130 consumpturus
1509 2088 1572 2120 est.

995 2204 1096 2239 Laeti
1124 2205 1194 2240 leto
1221 2208 1398 2240 transacto

1047 2257 1177 2292 laetum
1205 2266 1320 2301 regem
1349 2256 1528 2299 videbunt,

997 2308 1080 2343 Cum
1109 2314 1276 2353 regnante
1304 2308 1511 2352 regnabunt,

1049 2370 1125 2395 cum
1162 2361 1334 2405 gaudente
1361 2360 1572 2404 gaudebunt.

995 2479 1093 2513 Tunc
1122 2479 1231 2525 dolor,
1260 2485 1342 2514 tunc
1368 2478 1532 2522 taedium,

1047 2535 1129 2565 tunc
1156 2532 1255 2566 labor
1284 2530 1474 2574 delebitur3

994 2582 1091 2617 Tunc
1105 2592 1167 2618 rex
1183 2594 1313 2628 regum,
1334 2592 1396 2617 rex
1410 2582 1571 2628 muudus,

1045 2645 1066 2670 a
1094 2636 1232 2671 mundis
1259 2634 1445 2671 videbitur.

1344 2693 1384 2725 23
