1652 2872
319 674 367 720 A
416 673 461 720 2.
511 672 707 733 Hymni
736 672 801 719 de
835 671 1087 732 Tempore
1121 670 1447 718 Communes,

663 775 858 819 Series
903 776 1108 818 altera.

534 938 587 971 23.
622 939 689 970 Die
712 938 907 970 Dominica
930 937 977 970 ad
1000 938 1223 970 Nocturnas.

168 1111 200 1145 1.
244 1109 360 1144 Primo
391 1107 522 1141 dierum
552 1106 713 1148 omnium,

245 1161 319 1202 Quo
356 1159 504 1192 mundus
538 1162 649 1191 exstat
679 1157 853 1199 conditus,

244 1211 309 1245 Vel
338 1221 404 1254 quo
433 1219 616 1252 resurgens
646 1209 806 1243 conditor

244 1263 316 1297 Nos
345 1266 456 1296 morte
484 1262 577 1295 victa
603 1261 743 1304 liberat,

163 1369 199 1402 2.
242 1367 358 1402 Pulsis
386 1366 508 1408 procul
535 1365 736 1408 torporibus

244 1418 431 1461 Surgamus
460 1427 577 1451 omnes
605 1417 699 1450 ocius

243 1470 291 1504 Et
319 1474 418 1505 nocte
446 1478 649 1512 quaeramus
677 1469 782 1513 pium,

247 1523 344 1557 Sicut
371 1521 578 1564 prophetam
606 1522 774 1564 novimus,

164 1627 199 1661 3.
244 1625 390 1659 Nostras
419 1633 540 1667 preces
568 1628 607 1658 ut
635 1623 756 1658 audiat

244 1678 415 1719 Suamque
445 1676 602 1710 dextram
629 1676 788 1718 porrigat

243 1729 289 1763 Et
317 1729 374 1762 hic
403 1728 515 1770 piatos
545 1728 706 1762 sordibus

243 1781 381 1815 Reddat
411 1780 568 1822 polorum
596 1779 756 1821 sedibus3

166 1886 201 1920 4.
246 1885 306 1925 Ut,
337 1884 462 1926 quique
489 1883 724 1917 saeratissimo

243 1935 355 1969 Huius
385 1935 455 1968 diei
482 1940 638 1977 tempore

244 1987 351 2022 Horis
380 1987 506 2029 quietis
535 1987 727 2032 psallimus,

243 2039 353 2073 Donis
381 2038 492 2072 beatis
519 2044 687 2074 muneret.

800 1003 951 1031 Hieme.

920 1108 953 1141 5.
996 1107 1069 1140 Iam
1098 1115 1199 1145 nune,
1229 1109 1376 1148 paterna
1404 1105 1553 1151 claritas,

997 1159 1047 1193 Te
1074 1158 1290 1200 postulamus
1317 1155 1476 1196 adfatim,

995 1209 1100 1244 Absit
1123 1209 1234 1243 libido
1262 1209 1446 1243 sordidans

997 1261 1184 1304 Omnisque
1212 1265 1309 1295 actus
1337 1260 1470 1305 noxius,

942 1393 950 1400 .
992 1364 1047 1398 Ne
1075 1363 1180 1399 foeda
1208 1365 1253 1398 sit
1280 1365 1337 1398 vel
1364 1364 1500 1398 lubrica

993 1417 1168 1460 Compago
1196 1416 1309 1450 nostri
1337 1415 1505 1458 eorporis,

992 1469 1061 1503 Per
1089 1479 1191 1512 quam
1218 1468 1352 1503 Averni
1379 1467 1516 1512 ignibus

995 1520 1069 1563 Ipsi
1097 1530 1291 1555 crememur
1318 1520 1444 1554 acrius.

943 1653 951 1660 .
997 1623 1048 1658 Ob
1063 1624 1140 1666 hoe,
1158 1624 1371 1666 redemptor,
1383 1631 1600 1666 quaesumuS‚

995 1676 1043 1710 Ut
1071 1675 1198 1718 probra
1228 1680 1346 1710 nostra
1377 1675 1502 1717 diluam

993 1728 1095 1762 Vitae
1123 1728 1287 1770 perennis
1317 1727 1498 1761 commoda

994 1779 1103 1814 Nobis
1132 1779 1299 1823 benignus
1328 1777 1498 1819 conferas,

946 1912 953 1919 .
996 1884 1069 1926 Quo
1098 1884 1211 1917 carnis
1238 1887 1317 1918 actu
1346 1882 1481 1917 exsules

996 1935 1122 1969 Effecti
1150 1936 1218 1978 ipsi
1247 1935 1410 1977 caelibes,

996 1987 1045 2021 Ut
1073 1988 1328 2030 praestolamur
1356 1986 1486 2031 cernui⁷

995 2038 1108 2073 Melos
1138 2049 1300 2074 canamus
1329 2039 1470 2082 gloriae.

540 2143 574 2177 9.
617 2142 774 2185 Praesta,
804 2145 906 2185 pater
933 2141 1088 2184 piissime

616 2191 783 2234 Patrique
811 2202 954 2235 compar
981 2194 1081 2226 unice

618 2244 702 2278 Cum
732 2244 857 2286 spiritu
886 2245 1056 2287 paraclito

618 2296 780 2338 Regnans
810 2305 873 2340 per
901 2306 1001 2331 omne
1029 2298 1213 2331 saeculum.

250 2396 403 2433 Hymnar.
438 2406 492 2424 ms.
525 2396 733 2426 Hibernieum
761 2407 843 2426 saec.
874 2396 901 2426 9.
932 2399 976 2427 in.
1026 2399 1102 2428 Cod.
1133 2398 1266 2428 Paulau.
1297 2397 1345 2428 25.
1377 2398 1405 2428 2.
1435 2397 1474 2428 31
1503 2398 1601 2436 (Blas.

170 2438 280 2467 memb.
311 2435 371 2474 86).
422 2437 458 2466 A.
488 2454 524 2458 -—
561 2438 677 2466 Pontif.
708 2442 737 2467 et
767 2439 922 2476 Hymnar.
952 2449 1009 2468 ms.
1039 2441 1207 2478 Anglieum
1238 2450 1320 2469 saec.
1353 2439 1400 2470 10.
1433 2450 1479 2469 ex.
1525 2440 1601 2470 Cod.

167 2479 314 2508 Vatican.
331 2479 444 2516 Regin.
461 2476 530 2507 338.
548 2479 584 2507 B.
601 2494 641 2498 —
657 2480 773 2516 Hymn.
791 2489 848 2508 ms.
865 2481 1180 2519 Anglo-Saxonieum
1201 2481 1437 2517 (Monastieum)
1453 2491 1535 2510 saec.
1554 2479 1601 2509 11.

168 2522 212 2549 in.
229 2519 304 2549 Cod.
322 2519 499 2548 Londinen.
516 2520 610 2558 Vesp.
628 2521 655 2549 D
674 2521 747 2550 XII.
764 2521 798 2550 C.
820 2537 861 2541 —
876 2522 995 2559 Hymn.
1018 2532 1075 2551 ms.
1091 2522 1405 2562 Anglo-Saxonieum
1421 2532 1503 2552 saec.
1522 2520 1601 2551 l⁰l11.

169 2561 244 2590 Cod.
273 2561 450 2590 Londinen.
473 2561 539 2590 Jul.
563 2561 590 2589 A
614 2561 667 2590 VI.
691 2563 729 2590 D.
752 2562 833 2594 (Nur
855 2563 1066 2600 Paraphrase)
1088 2579 1128 2584 —
1150 2565 1267 2601 Hymn.
1297 2573 1354 2592 ms.
1377 2565 1601 2593 Wintoniense

168 2612 250 2632 saec.
284 2601 331 2631 11.
376 2602 452 2631 Cod.
476 2602 579 2640 Capit.
603 2603 792 2632 Dunelmen.
818 2605 842 2632 B
873 2604 922 2633 III
951 2602 1001 2633 32.
1027 2605 1062 2633 E.
1093 2621 1134 2624 —
1157 2603 1315 2633 Colleetar
1344 2607 1374 2634 et
1397 2605 1516 2642 Hymn.
1542 2615 1601 2635 ms.
