1652 2872
160 147 235 184 330
521 147 600 177 Pars
621 147 665 177 11.
706 149 892 187 Hymnodia
913 146 1206 179 Hiberno-Celtica.

592 247 697 282 2482.
731 249 774 281 111
796 249 917 283 sancti
940 247 1146 282 Michaelis.

472 311 654 349 Hymnus
684 322 709 342 s„
738 314 925 344 Colmani
954 323 1039 343 mac
1068 310 1273 342 Murchon.

186 416 218 452 1.
261 416 301 450 In
331 414 486 449 trinitate
514 425 592 459 spes
621 426 697 451 mea
878 420 911 453 6.
954 418 1108 452 Adiuvet
1144 423 1198 448 me
1235 416 1374 447 sanctus
1401 411 1533 446 Michel

312 465 393 508 fixa,
422 477 490 500 non
518 467 553 501 in
581 468 728 510 homine,
1007 468 1129 503 diebus
1157 476 1198 501 ac
1225 463 1396 506 noctibus,

260 519 306 552 Et
333 518 576 561 archangelum
608 519 788 563 deprecor,
955 523 1003 557 Ut
1032 530 1086 554 me
1109 521 1217 563 ponat
1241 517 1277 551 in
1304 516 1474 550 bonorum

312 570 519 604 Michaelem
550 571 699 611 nomine,
1009 575 1208 606 sanctorum
1235 567 1464 603 consortibus.

184 687 218 719 2.
261 684 308 719 Ut
336 685 381 717 sit
409 683 529 718 obvius
557 694 598 718 ac
625 684 750 717 missus
880 686 913 720 7.
956 685 1103 719 Sanctus
1129 683 1261 719 Michel
1286 682 1496 726 intercedat,

311 736 396 769 mihi
424 735 498 769 Deo
529 736 670 769 doc-tore
1006 736 1146 770 adiutor
1172 734 1377 778 probabilis,

260 788 357 821 Hora
384 788 496 821 exitus
526 787 569 820 de
597 787 670 820 vita
958 789 1025 822 Pro
1054 797 1127 829 me,
1164 798 1239 821 sum
1267 786 1348 830 quia
1375 789 1539 829 peccator

310 840 377 873 ista
404 844 507 880 atque
535 847 692 880 corpore.
1009 844 1088 873 actu
1117 844 1220 882 atque
1249 837 1394 882 fragilis,

183 955 217 988 3.
260 952 314 986 Ne
342 962 396 985 me
426 952 529 986 ducat
558 952 593 986 in
621 962 775 986 amarum
882 954 916 988 8.
960 952 1107 986 Sanctus
1128 952 1260 986 Michel
1288 962 1343 985 me
1372 950 1537 986 defendat

314 1004 472 1037 minister
499 1003 653 1048 inergiae
1010 1013 1150 1047 semper
1176 1005 1247 1038 suis
1276 1003 1409 1037 viribus

260 1056 340 1098 Ipse
367 1056 532 1098 princeps
561 1055 783 1090 tenebrarum
954 1057 1082 1090 Anima
1111 1056 1312 1099 egrediente

311 1112 414 1150 atque
442 1117 503 1150 pes
531 1107 728 1150 superbiae,
1010 1117 1085 1142 cum
1114 1113 1313 1142 sanctorum
1340 1107 1492 1144 milibus.

181 1225 216 1258 4.
258 1223 481 1258 Adiutorium
509 1226 689 1256 succurrat
880 1225 914 1258 9.
957 1222 1105 1256 Sanctus
1117 1222 1274 1263 Gabriel,
1286 1227 1428 1257 sanctus
1441 1221 1588 1266 Raphiel

311 1275 474 1309 Michelis
501 1274 701 1317 archangeli
1008 1281 1112 1317 atque
1139 1284 1258 1309 omues
1286 1274 1400 1318 angeli

260 1327 317 1362 Ad
346 1336 400 1360 me
428 1327 523 1372 hora,
554 1336 622 1369 qua
641 1326 839 1369 gaudebunt
956 1327 1183 1361 intercedant
1218 1337 1282 1369 pro
1319 1335 1373 1360 me
1401 1335 1539 1369 semper

311 1379 393 1413 iusti
419 1383 524 1422 atque
551 1378 677 1421 angeli.
1010 1379 1111 1412 simul
1140 1384 1173 1412 et
1201 1378 1424 1423 archangeli3

183 1497 216 1531 5.
257 1494 359 1529 Illum
388 1503 482 1536 rogo,
513 1503 556 1527 ne
585 1493 745 1528 demittat
855 1495 914 1530 10.
957 1496 1113 1528 Aeterna
1142 1493 1277 1536 possint
1304 1497 1487 1536 praestare

311 1545 394 1580 mihi
422 1550 538 1579 truces
568 1545 702 1589 species
1008 1546 1100 1588 regis
1129 1547 1225 1588 regni
1253 1545 1356 1588 anila,

259 1598 407 1640 Inimici,
437 1598 499 1632 sed
529 1597 689 1641 deducat,
957 1598 1004 1632 Ut
1032 1598 1230 1641 possideam
1260 1607 1336 1631 cum
1365 1597 1505 1632 Christo

311 1650 370 1684 ubi
399 1651 495 1694 regni
524 1651 674 1693 requies,
1007 1650 1163 1693 paradisi
1188 1650 1327 1693 gaudia.

508 1766 568 1800 11.
612 1764 734 1799 Gloria
760 1764 806 1798 sit
834 1774 972 1808 semper
1000 1764 1075 1799 Deo

664 1817 756 1860 patri
782 1821 885 1860 atque
913 1816 986 1851 filio

609 1869 717 1904 Simul
748 1879 822 1904 cum
851 1869 978 1912 spiritu
1006 1874 1127 1904 sancto

660 1922 695 1956 in
722 1932 790 1956 uno
820 1921 976 1957 consilio.

240 2025 359 2054 Homil.
383 2034 440 2054 ms.
462 2025 492 2054 S.
518 2024 665 2063 Gregorii
689 2033 771 2053 saec.
795 2021 824 2053 8.
847 2034 894 2053 ex.
940 2024 1016 2054 Cod.
1040 2024 1267 2054 Carolsruhan.
1289 2025 1424 2064 Augien.
1447 2023 1586 2054 CCXXI.

157 2067 228 2095 add.
260 2075 342 2096 saec.
367 2064 395 2095 9.
424 2067 467 2095 in.
491 2067 528 2095 A.
552 2083 591 2087 ——
615 2066 733 2103 Hymn.
765 2075 822 2095 ms.
845 2067 1054 2095 Hibernicum
1084 2075 1165 2096 saec.
1192 2066 1238 2096 11.
1263 2068 1306 2096 in.
1351 2066 1427 2096 cod.
1451 2066 1530 2096 Coll.
1553 2065 1585 2095 S.

156 2109 326 2137 Trinitatis
354 2108 528 2137 Dnblinen.
559 2108 586 2136 E
616 2106 645 2136 4.
673 2106 698 2136 1.
722 2109 757 2136 B.
781 2123 820 2127 —
842 2107 960 2144 Hymn.
991 2117 1048 2136 ms.
1072 2108 1282 2137 Hiber-uicum
1310 2117 1394 2137 saec.
1419 2106 1465 2137 11.
1509 2107 1585 2138 Cod.

159 2149 257 2178 Conv.
280 2149 484 2178 Franciscau.
508 2149 682 2178 Dublinen.
707 2158 730 2176 S.
754 2158 784 2177 n.
808 2148 842 2177 C.
866 2165 905 2169 —
931 2147 963 2183 1,
997 2148 1011 2177 1
1035 2149 1151 2178 Unitas
1181 2150 1216 2178 in
1246 2151 1389 2190 trinitate
1418 2159 1491 2187 spes
1515 2159 1586 2179 mea

155 2192 238 2219 (eine
270 2189 518 2228 Verwechslung
553 2190 608 2219 des
635 2190 794 2228 Kopisten
824 2191 882 2218 mit
911 2190 967 2218 der
997 2189 1103 2227 gleich
1131 2190 1300 2229 folgenden
1329 2191 1506 2221 Uberarbei

160 2228 303 2267 τ,[Ῡηιϊαε
329 2230 365 2259 in
386 2230 568 2266 trinitate&
581 2232 618 2259 A.
638 2247 674 2250 -—
694 2231 719 2265 1,
743 2229 762 2259 2
785 2232 819 2259 in
843 2232 947 2260 omine
962 2231 999 2259 B.
1016 2247 1055 2250 —
1074 2230 1101 2267 1,
1125 2230 1144 2260 :3
1160 2232 1223 2262 Sed
1238 2233 1274 2261 A.
1290 2249 1332 2252 —-
1346 2231 1375 2268 2,
1402 2232 1417 2262 1
1433 2242 1471 2262 ac
1485 2234 1585 2262 misus

159 2274 192 2302 B.
215 2289 256 2291 —
279 2271 307 2307 2,
324 2271 345 2300 4
370 2271 467 2309 „ista“
493 2273 572 2301 tiber
593 2272 649 2300 der
670 2272 756 2301 Zeile
779 2272 1014 2311 nachgetragen
1036 2273 1074 2301 A.
1091 2289 1130 2292 —
1146 2271 1176 2308 3,
1200 2272 1219 2302 2
1241 2276 1388 2312 energiae
1405 2275 1441 2303 A.
1458 2290 1498 2296 —
1513 2274 1543 2308 4,
1565 2272 1586 2303 2

157 2313 343 2343 Michaelis:
356 2313 426 2342 hier
439 2313 580 2342 offenbar
592 2311 760 2352 dreisilbig
771 2323 810 2342 zu
822 2313 920 2347 lesen,
933 2313 1074 2343 weshulb
1087 2314 1139 2343 ich
1151 2315 1202 2344 die
1212 2315 1411 2355 Schreibung
1423 2323 1442 2346 e
1455 2320 1584 2346 stattae

158 2365 285 2394 vorzog,
302 2356 360 2383 wie
377 2356 422 2383 sie
439 2352 467 2388 6,
493 2354 525 2389 1;
551 2353 579 2389 Τ,
598 2354 611 2383 1
630 2355 694 2383 und
709 2353 738 2384 8.
758 2353 772 2384 1
789 2355 823 2384 in
838 2355 864 2384 B
881 2355 948 2384 sich
964 2355 1154 2384 taoeaehlieh
1170 2356 1336 2385 vorfindet.
1350 2372 1392 2376 —
1406 2361 1438 2386 et
1453 2358 1584 2387 archan-

157 2397 221 2435 geli
245 2397 280 2426 Β.
305 2411 345 2416 -—
368 2395 397 2430 5,
422 2395 437 2424 1
461 2396 601 2424 dimittat
623 2397 659 2425 A.
682 2412 722 2415 —
748 2394 777 2430 6,
806 2396 819 2424 1
843 2397 985 2426 Adiuvat
1006 2396 1050 2425 A:
1072 2397 1211 2426 Michael
1231 2398 1285 2426 AC
1306 2398 1435 2433 (ebenso
1459 2397 1489 2435 7,
1512 2398 1528 2428 1
1553 2409 1583 2428 u.

157 2440 192 2470 ὅ,
226 2437 270 2473 l),
297 2438 374 2467 aber
397 2439 430 2465 in
453 2436 477 2465 C
500 2437 572 2465 sind
595 2446 612 2466 3
635 2437 700 2466 und
723 2447 739 2466 e
761 2439 795 2466 in
817 2439 886 2467 eins
909 2435 1158 2476 verschlungen:
1187 2447 1224 2467 ae.
1247 2456 1286 2459 -—
1311 2436 1344 2473 7,
1374 2437 1394 2467 3
1416 2442 1492 2478 quia
1514 2450 1584 2470 sum

161 2481 221 2509 BC.
247 2496 281 2501 -
307 2478 337 2514 7,
359 2478 379 2507 4
402 2481 475 2507 actu
497 2477 576 2507 fehlt
594 2479 631 2507 A.
653 2495 694 2499 —
715 2477 744 2508 9.
771 2477 786 2507 1
802 2478 955 2508 Gabrihel
972 2479 1013 2508 A:
1037 2479 1182 2517 Rapbael
1197 2480 1234 2508 A.
1260 2496 1294 2501 —
1322 2478 1370 2515 10,
1397 2480 1583 2511 lAeternae

158 2524 200 2557 A?
233 2525 365 2559 possunt
387 2517 448 2548 AC*
473 2536 512 2540 —
536 2517 589 2552 10,
622 2519 641 2548 2
670 2521 760 2558 regni
787 2522 880 2549 auria
900 2522 938 2550 A.
961 2536 1001 2540 ·-
1027 2518 1079 2554 10,
1107 2518 1127 2549 3
1151 2521 1335 2556 possedeam
1358 2523 1392 2551 B.
1415 2539 1455 2543 —
1480 2522 1533 2558 ll,
1563 2521 1583 2553 3

158 2572 229 2591 cum
261 2566 370 2591 sancto
396 2562 510 2598 spiritu
532 2563 569 2589 A.
591 2576 631 2580 —
654 2562 691 2590 In
716 2561 801 2590 allen
823 2562 890 2590 drei
913 2561 1049 2598 Quellen
1071 2561 1215 2590 sehhesst
1236 2562 1305 2590 sich
1327 2564 1396 2592 eine
1421 2564 1583 2602 „Colleeta

158 2608 230 2642 post
251 2601 421 2641 hymnum‘·'
443 2602 517 2640 (vgl.
543 2602 595 2630 die
609 2603 692 2632 Note
714 2613 786 2631 zum
809 2602 1078 2639 entsprechenden
1094 2601 1212 2631 Stficke
1228 2602 1283 2632 der
1297 2606 1582 2644 vorausgehenden

160 2646 216 2675 Nr.
239 2642 311 2681 247)
333 2654 390 2674 an:
