1652 2872
107 161 181 197 206
427 159 506 188 Pars
530 161 554 188 Ι.
597 161 718 198 Hymni
740 162 956 200 antiquissimi
979 169 1059 189 saec.
1083 158 1220 187 V.—XI.

173 261 219 292 13.
255 262 393 299 Doppelt
421 262 492 300 gibt
522 272 555 292 er
585 264 704 292 zuriick
734 265 803 293 sein
825 264 928 293 Pfund
957 263 1020 292 und
1048 263 1160 290 nimmt
1183 260 1286 289 Besitz
1315 268 1378 286 von
1407 257 1462 286 der
1488 266 1534 286 er-

106 305 235 375 Ilsaerzlgutzezn
259 303 516 342 Himmelsburg3
540 308 635 334 stetes
660 305 734 335 Heil
759 308 801 335 ist
823 315 857 334 er
878 306 939 335 den
955 303 1107 334 Kranken
1130 302 1193 331 und
1217 301 1275 330 den
1291 299 1461 330 Gesunden
1483 299 1535 327 ein

172 396 218 426 14.
252 397 337 426 Ehre
360 398 406 426 sei
429 398 505 428 Gott
527 398 597 427 dem
620 399 718 428 Vater
741 399 803 428 und
827 399 953 428 Christo
977 397 1046 426 dem
1063 396 1288 434 Eingebornen
1312 391 1455 430 zugleich
1479 392 1537 420 mit

107 439 176 468 dem
200 438 243 468 hl.
265 439 374 468 Geiste
397 440 429 468 in
452 439 513 468 alle
536 440 706 478 Ewigkeit,

567 594 640 626 180.
677 594 717 625 In
742 593 861 625 sancti
884 592 1063 625 Modardi.

534 658 714 695 Hymnus
740 656 967 694 Chilperici
992 657 1112 694 regiS.

137 754 171 788 1.
212 753 385 795 Hymuum
399 753 790 795 laucliS‚1l[eda1·de,tibi
884 754 919 786 9.
962 751 1095 786 Mundo
1123 751 1203 784 licet
1233 747 1428 788 crucifixus,

265 805 396 838 chorda
425 814 586 838 canamus
616 813 656 837 ac
686 814 790 844 voee;
1013 802 1147 844 pollens
1177 806 1291 835 tamen
1321 807 1475 840 corpore,

214 857 322 890 Decet
352 856 440 889 enim
470 865 606 897 semper
634 856 738 888 rectis
960 855 1026 888 His
1055 858 1087 887 et
1117 853 1194 887 aliis
1221 851 1408 886 virtutibus

264 908 323 951 pia
352 908 573 943 collaudatio,
1012 906 1156 948 insignis
1186 914 1221 938 es
1249 903 1399 937 habitus

139 1003 173 1037 2.
218 1002 312 1044 Opus
340 1010 464 1043 nempe
492 1004 636 1033 nanctus
665 999 791 1033 bonum
860 1000 920 1034 10.
963 999 1070 1032 Modo
1099 998 1240 1032 caelesti
1270 997 1391 1032 beatus

269 1053 454 1097 episcopus
483 1052 623 1085 effectus
653 1061 700 1094 es,
1013 1049 1139 1084 frueris
1168 1049 1323 1093 angelica

216 1105 434 1140 Pastoralem
467 1114 580 1138 curam
609 1114 713 1146 agens
963 1102 1094 1138 Potiori
1124 1102 1225 1136 datus
1255 1102 1338 1144 vita,

265 1155 634 1199 irreprehensibiliter,
1012 1154 1146 1188 assides
1176 1153 1345 1188 convivio.

135 1252 169 1286 3.
209 1250 338 1284 Forma
355 1249 527 1283 commissi
540 1249 653 1292 gregis
666 1249 790 1291 factus,
859 1249 918 1284 11.
963 1248 1042 1283 Tibi
1070 1258 1137 1282 vox
1165 1258 1185 1281 a
1213 1247 1288 1281 Deo
1318 1247 1400 1281 data
1429 1250 1480 1279 est

264 1307 385 1345 pastor
413 1302 490 1346 pius
519 1301 673 1345 inopum,
1014 1300 1171 1343 geminae
1199 1299 1412 1334 dulcedinis:

212 1353 345 1388 Viduas
373 1353 525 1396 pupillos
554 1358 657 1396 atque
967 1352 1097 1398 „Euge‚
1128 1361 1223 1395 euge,
1254 1360 1354 1385 serve
1382 1350 1482 1393 bone,

263 1416 330 1440 non
359 1406 457 1449 pigre
487 1405 692 1447 sollicitans,
1012 1404 1148 1447 prende
1177 1404 1269 1438 celsa
1297 1403 1444 1448 gaudia3

134 1502 169 1535 4.
216 1499 428 1542 Praecipuus
456 1499 652 1544 sanctitate,
861 1499 921 1535 12.
964 1498 1078 1541 Supra
1105 1507 1217 1541 pauca
1246 1496 1341 1531 fideli
1370 1496 1464 1530 cultu

265 1551 382 1594 largus
412 1550 622 1594 elemosinis,
1013 1550 1112 1593 egisti
1142 1549 1222 1592 quia
1250 1548 1440 1594 servitium,

212 1603 403 1638 Doctrinae
431 1604 570 1637 divinae
598 1603 714 1637 verbis
962 1602 1194 1637 Constitueris
1222 1611 1327 1644 super
1354 1611 1478 1643 magna

267 1655 422 1690 claruisti
451 1655 602 1698 populis.
1014 1654 1216 1699 perenniter
1245 1658 1278 1688 et
1302 1650 1488 1696 ingentia.“

138 1751 171 1785 5.
213 1749 376 1792 Magnam
389 1749 487 1792 parvi
501 1753 642 1792 pectore
654 1754 792 1793 gestans
860 1751 918 1786 13.
964 1749 1097 1792 Spiritu
1126 1758 1270 1793 pauper,
1300 1747 1405 1782 corde
1433 1747 1524 1780 mitis

266 1801 369 1836 fidem
399 1802 498 1844 grani
526 1802 658 1845 sinapis
1015 1801 1113 1835 fuisti
1140 1802 1176 1836 in
1204 1800 1355 1844 saeculo,

217 1854 434 1897 Magnarum,
464 1857 595 1897 sancte,
625 1854 790 1889 virtutum
964 1855 1005 1889 In
1033 1853 1222 1887 viventium
1251 1857 1347 1886 terra
1376 1851 1504 1886 celsum

268 1905 398 1940 fulsisti
424 1906 612 1941 miraculis.
1012 1916 1154 1949 regnum
1182 1904 1447 1948 promereberis.

137 2001 171 2036 6.
214 1999 354 2033 Clarum
372 1999 487 2033 lumen
502 1999 653 2033 reddens
665 2000 789 2045 caeeis,
857 2001 916 2035 14.
960 1999 1146 2042 Angelicos
1176 1999 1299 2033 choros
1327 1998 1418 2032 inter

265 2060 418 2094 gressum
448 2051 582 2086 claudis
611 2051 788 2094 sospitem,
1011 2052 1152 2086 laetaris
1181 2051 1261 2085 dum
1290 2050 1325 2084 in
1351 2050 1509 2093 Olympo,

214 2102 356 2136 Debiles
384 2113 505 2136 manus
534 2104 737 2137 restaurasti
961 2103 1028 2136 Pro
1057 2102 1156 2136 nobis
1186 2102 1249 2136 tibi
1277 2101 1442 2136 subiectis

264 2164 325 2198 per
353 2158 411 2188 tua
440 2155 606 2190 oramina.
1013 2155 1203 2197 deprecare
1230 2154 1360 2189 sedule.

139 2248 170 2282 7.
204 2247 391 2281 Daemonia
419 2247 463 2280 ab
492 2247 642 2281 obsessis
858 2249 918 2282 15.
961 2247 1058 2289 Nega
1086 2247 1193 2280 menti
1221 2251 1300 2281 tuae
1330 2248 1409 2290 piae

267 2298 387 2340 procul
416 2297 539 2340 fugans
568 2299 773 2342 corporibus
1010 2298 1165 2340 paradisi
1196 2299 1335 2341 epulas3

214 2350 390 2383 Medelam
421 2350 549 2384 dedisti
578 2351 691 2393 aegris
959 2349 1101 2383 Nosmet
1131 2349 1267 2393 hymnis
1295 2354 1329 2383 te
1357 2350 1540 2384 laudantes

267 2401 427 2435 invocato
456 2402 586 2436 Christi
615 2402 763 2439 nomine.
1011 2410 1048 2434 se
1076 2401 1194 2435 dicant
1222 2402 1418 2436 memoriae.

139 2496 173 2530 8.
216 2494 355 2529 Pellens
383 2494 495 2528 varios
525 2495 721 2538 languores,
858 2496 916 2531 16.
961 2493 1127 2527 Nostrum
1156 2502 1292 2536 semper
1320 2494 1507 2528 recordare

269 2547 383 2580 vincla
411 2546 588 2580 resolvens
618 2546 765 2580 febrium
1013 2549 1045 2578 et
1073 2554 1137 2586 pro
1166 2544 1264 2578 nobis
1292 2545 1429 2589 iugibus

216 2599 360 2640 Usuque
387 2598 422 2630 in
452 2597 607 2631 redivivo
959 2596 1155 2637 Dominum,
1184 2596 1241 2638 qui
1270 2602 1408 2630 sanctos
1427 2598 1537 2639 audit,

270 2648 424 2683 membra
451 2649 571 2683 reddis
599 2649 725 2684 omnia.
1011 2647 1200 2690 interpella
1228 2648 1382 2685 vocibus.
