1652 2872
409 134 586 173 Appendix.
608 149 649 154 —-
670 135 705 164 B.
737 134 816 163 Tres
837 132 947 170 hymni
969 133 1128 172 Anonymi
1150 134 1332 172 Aug-iensis.

411 240 471 276 22.

409 519 466 553 23.

408 798 467 832 24.

405 1081 465 1115 25.

407 1362 468 1397 26.

407 1643 470 1677 27.

409 1924 468 1959 28.

416 2209 476 2244 29.

413 2481 476 2516 30.

512 238 683 282 Dignatus
710 237 803 272 idem
831 247 950 271 rursus
978 236 1022 271 ab
1049 238 1192 273 aethere

513 290 571 324 Ad
599 293 634 324 te
660 289 845 333 petendam
874 287 962 324 haee
989 290 1063 323 sola
1090 293 1233 334 tangere

515 343 582 377 Per
607 341 835 384 obsequentes
864 344 898 374 te
925 341 1006 374 tulit
1032 343 1184 387 angelos,

510 393 556 427 Ni
585 391 701 438 fallor,
730 393 808 436 ipsa
836 402 941 428 carne
969 402 1073 435 super
1100 394 1210 436 polos

507 517 584 551 Hoc
611 516 782 551 evidentis
811 517 932 551 indicii
961 515 1030 551 fide

510 569 598 603 Toto
625 568 765 603 volebat
791 568 875 603 orbe
901 572 1083 612 patescere

509 620 716 655 Praebendo
744 630 808 663 per
836 624 870 654 te
899 620 1002 664 plura
1035 622 1233 665 petentibus

509 672 620 707 Verae
648 673 770 707 salutis
800 673 891 708 dona
919 672 1094 709 fidelibuS.

511 797 600 831 Nam
629 796 720 832 forte
747 798 889 841 quidam
919 808 1011 832 nunc
1040 806 1140 833 sacer
1169 802 1221 832 est
1244 799 1339 833 locus

508 850 547 883 In
576 849 662 884 urbe
691 859 789 885 sacra
819 851 1010 885 Ierusalem
1044 851 1151 893 situs3

509 901 579 936 Sub
608 902 682 936 iure
711 903 823 937 sancti
852 903 1001 937 nominis
1031 903 1120 937 huno
1149 903 1199 937 tui

509 953 634 990 Servat
660 959 801 990 senatus
828 954 932 989 turba
958 955 1153 991 monastici.

509 1079 581 1114 Hos
609 1080 752 1124 grandis
780 1081 860 1114 olim
894 1081 974 1115 dum
1004 1083 1179 1124 premeret
1218 1079 1339 1122 fames,

511 1130 597 1167 Auri
626 1132 768 1166 nitentis
796 1135 835 1166 tu
863 1132 1011 1167 dederas
1040 1143 1123 1176 opes

510 1185 584 1219 Ara
611 1186 771 1227 repertas
799 1186 937 1219 nemine
965 1186 1114 1227 conscio,

509 1236 582 1271 Has
611 1236 688 1279 quis
716 1241 854 1271 sacrato
884 1237 1050 1272 detulerit
1078 1237 1166 1274 loco.

510 1361 648 1396 Exinde
675 1361 787 1396 victus
816 1360 1026 1396 sufficientia

512 1413 598 1447 Cum
625 1413 716 1457 stipe
744 1412 873 1448 fratres
900 1417 1061 1456 pasceret
1089 1424 1213 1457 annua,

510 1466 595 1500 Mox
623 1465 812 1509 gratiarum
843 1465 962 1500 debita
988 1465 1104 1500 munia

510 1517 594 1552 Cum
622 1518 726 1553 laude
755 1518 868 1561 coepit
895 1518 1032 1554 solvere
1059 1518 1160 1561 plebs
1188 1519 1258 1562 pia.

511 1642 661 1677 Iudaeus
688 1653 789 1686 unus,
818 1646 893 1678 arte
922 1643 1100 1688 vitrarius‚

510 1694 595 1729 Cum
624 1695 820 1738 disciplinis
848 1706 912 1738 pro
944 1695 1148 1730 liberalibus

511 1746 641 1781 Natum
672 1747 866 1782 docendum
894 1748 1104 1782 christicolis
1132 1759 1230 1783 suum

515 1798 808 1843 Contradidisset‚
837 1800 985 1846 ingeniis
1012 1809 1138 1847 acrem,

509 1924 613 1959 Hunc
641 1935 717 1960 cum
747 1925 883 1960 coaevis
912 1935 1053 1961 currere
1082 1926 1238 1971 contigit,

516 1977 646 2011 Christi
669 1979 833 2013 sacerdos
861 1988 928 2021 qua
955 1979 1085 2022 populo
1114 1978 1211 2013 dedit

516 2028 684 2064 Caelestis
713 2040 814 2065 escae
841 2040 985 2065 munera
1013 2031 1179 2076 mystica3

515 2083 675 2117 Accessit
700 2083 778 2127 ipse
805 2083 998 2126 suscipiens
1026 2092 1077 2119 ea.

519 2207 642 2243 Statim
672 2213 851 2242 revertens
879 2208 924 2243 ad
953 2209 1134 2253 propriam
1164 2208 1301 2243 domum

517 2260 572 2294 Ex
599 2270 694 2295 more
722 2260 815 2304 patri
843 2261 1006 2304 praebuit
1034 2261 1200 2303 osculum,

515 2312 646 2347 Causas
677 2317 837 2347 retexens
866 2313 1021 2347 laetitiae
1051 2323 1134 2348 suae

514 2364 700 2408 Dapesque
728 2369 883 2407 sumptas
913 2366 1080 2400 ecclesiae
1107 2374 1240 2400 sacrae.

515 2480 613 2514 Tunc
642 2480 738 2514 dirus
765 2479 875 2514 hostis
902 2479 962 2513 ille
990 2478 1145 2514 fidelium

513 2532 682 2567 Flammis
710 2531 848 2576 paravit
875 2530 1016 2565 tradere
1043 2530 1172 2576 filium;

516 2584 587 2618 Sed
613 2588 708 2618 tutus
735 2583 795 2617 ille
822 2583 949 2617 mansit
976 2583 1012 2616 in
1039 2583 1175 2626 ignibus

513 2635 650 2670 Dextra
677 2635 801 2670 beatae
828 2634 972 2678 virginis
999 2634 1146 2680 obsitus,

1509 139 1584 177 249
