1652 2872
117 162 187 198 182
430 163 508 191 Pars
532 163 557 192 1.
604 163 722 200 Hymni
745 165 958 203 antiquissimi
981 172 1061 192 saec.
1086 162 1221 190 V.-—XI.

417 268 448 301 7.
492 266 629 301 Serviat
655 271 692 302 ut
722 268 860 302 humilis
890 268 1038 308 domino,

492 319 624 354 Urceus
652 320 824 362 accipitur
852 323 886 353 et
914 329 1043 364 aquae3

491 370 629 404 Tollere
657 371 747 405 hanc
775 370 898 405 faciem
928 369 1069 413 famulo,

489 421 614 465 sicque
641 426 784 466 repente
812 423 906 457 Deus
935 432 972 456 se
997 422 1128 457 levans,

417 527 449 561 8.
493 525 604 559 Nocte
632 525 788 568 sequenti
816 526 912 559 videt
940 524 1142 565 Dominum3

491 577 653 619 Alloquio
683 576 735 610 sui
765 587 841 610 curn
869 575 1008 619 fruitur,

495 628 658 673 Percipit,
688 628 824 671 hospite
851 638 917 671 quo
946 626 1051 661 fuerit

492 679 726 723 Glorificatus‚
754 683 792 713 ut
819 683 914 713 astra
942 683 1050 722 petat,

417 784 452 818 9.
493 782 602 817 Gesta
629 786 688 816 tua
714 782 900 816 monachos
928 782 1084 816 relevent

492 834 740 876 Ecclesiaeque
770 834 874 868 decus
902 837 1054 875 teneant,

495 885 660 919 Fortibus
689 885 838 925 auxiliis,
867 885 1028 928 Gregori‚

493 937 565 970 Nos
594 937 704 971 solide
732 937 879 971 Domino
909 937 1056 971 socians.

394 1041 450 1076 10.
496 1039 717 1074 Britannicos
746 1039 893 1082 populos
922 1039 1069 1073 Domino

495 1091 544 1127 Ut
571 1091 733 1134 precibus
761 1092 905 1134 potuisti
935 1091 1030 1131 dare,

497 1142 554 1178 Sic
584 1146 642 1177 tua
670 1143 783 1185 gratia
811 1152 871 1177 nos
897 1143 1067 1185 provehat

496 1194 554 1229 Ad
582 1194 705 1228 solium
733 1194 844 1237 patris
873 1194 1065 1230 altithroni.

397 1299 456 1333 11.
500 1297 668 1333 Coenobii
695 1307 887 1332 memorare
914 1297 1038 1342 nostri,

498 1350 573 1384 Hoc
602 1349 779 1392 supplices
807 1350 968 1392 petimus,
999 1349 1148 1391 domine,

502 1403 626 1436 Pastor
655 1401 777 1435 adesto
805 1401 874 1435 tuis
902 1401 1091 1443 monachis,

498 1454 622 1487 Pastor
649 1456 684 1487 ut
715 1453 818 1487 altius
847 1463 909 1487 nos
938 1457 1082 1489 recreet.

393 1558 452 1593 12.
495 1557 619 1592 Gloria
649 1567 726 1591 cum
755 1560 856 1600 patre
881 1557 926 1590 sit
954 1557 1069 1600 genito

497 1609 711 1652 Spirituique
738 1608 886 1651 perinde
913 1618 1034 1653 sacro·,

496 1660 598 1695 Nunc
625 1660 718 1694 Deus
746 1670 835 1695 unus
863 1664 898 1694 et
925 1661 1144 1704 omnipotens

495 1712 596 1746 Hunc
625 1722 813 1746 memorum
844 1711 950 1746 faciat
976 1722 1174 1748 memorem.

199 1827 319 1864 Hymn.
349 1836 405 1855 ms.
437 1822 590 1856 Farfense
621 1835 703 1855 saec.
738 1823 816 1855 Ι0111.
868 1826 943 1855 Cod.
973 1826 1122 1856 Turio-en.
1152 1826 1295 1856 Rhenov.
1324 1824 1372 1855 91.
1401 1841 1439 1845 —
1470 1823 1496 1858 1,
1527 1822 1546 1852 ’ὀ

118 1868 248 1898 irradia.
274 1884 311 1888 —
339 1866 365 1903 l,
395 1866 415 1897 4
438 1867 478 1897 ad
501 1867 588 1897 fehlt.
613 1883 651 1888 -—
676 1865 705 1903 2,
737 1866 749 1897 1
778 1868 971 1905 praeclarus.
995 1883 1032 1887 -
1056 1866 1085 1902 4,
1109 1867 1128 1897 4
1150 1868 1287 1898 decorat.
1312 1883 1351 1887 -
1373 1865 1401 1901 6,
1429 1865 1442 1895 1
1467 1867 1545 1904 peri-

116 1911 219 1950 grina.
243 1926 283 1930 ——
307 1908 335 1945 6,
355 1908 374 1938 2
400 1909 483 1939 bone
506 1914 542 1939 st.
567 1919 649 1947 pone
662 1922 702 1931 Ξ
715 1912 795 1947 post.
813 1925 852 1928 —
869 1907 896 1943 6,
913 1909 933 1938 4
948 1909 1115 1939 Omma:
1129 1906 1251 1949 ὅραμα.
1271 1926 1308 1930 -
1327 1907 1354 1944 7,
1371 1907 1390 1938 3
1405 1909 1547 1946 Repente

114 1952 227 1981 tollere
254 1950 395 1989 (repente
419 1950 567 1980 sichtlieh
591 1960 648 1980 aus
673 1949 700 1986 7,
731 1949 751 1979 4
774 1950 1092 1989 heraufgenommen).
1117 1968 1157 1971 —
1180 1950 1207 1986 7,
1241 1949 1261 1979 4
1283 1952 1369 1980 Deus
1392 1950 1540 1979 celerans

115 2009 153 2013 -
184 1993 246 2023 Str.
270 1991 286 2022 7
319 1994 361 2022 ist
392 1991 511 2022 dunkel
542 1994 574 2022 in
598 1992 653 2022 der
676 1992 929 2029 Konstruktiom
956 1992 1012 2022 der
1035 1993 1114 2022 Sinn
1136 1994 1178 2022 ist
1201 2002 1239 2022 zu
1262 1995 1387 2022 erraten
1409 2001 1465 2021 aus
1488 1991 1543 2020 der

117 2035 300 2064 bekannten
329 2035 456 2063 Vision.
485 2050 524 2053 —-
556 2032 591 2069 8,
622 2032 636 2062 1
668 2034 740 2063 Non
773 2037 804 2063 te
835 2035 980 2069 sequenti
1003 2034 1106 2063 video.
1129 2050 1170 2054 —-
1192 2032 1228 2069 8,
1260 2033 1279 2063 2
1302 2043 1373 2062 eum
1396 2032 1483 2062 fehlt.
1508 2050 1544 2053 -

119 2075 173 2111 ll,
202 2074 223 2104 4
256 2076 352 2105 altius
381 2085 445 2104 eos.
476 2091 516 2095 —-
546 2076 608 2105 Die
637 2072 822 2112 Dooeoloqie
855 2076 897 2103 ist
925 2075 1030 2113 gleich
1055 2074 1145 2112 jener
1173 2076 1229 2104 des
1260 2075 1547 2114 AgathaHymnus

119 2114 304 2155 „Martyris
337 2124 404 2146 ecce
436 2114 504 2146 dies
535 2114 705 2153 Ayathae“
740 2117 806 2145 [Nr.
844 2115 927 2153 134„
963 2116 1226 2145 wahrscheinlich
1261 2117 1368 2146 diente
1402 2115 1548 2145 letzterer

118 2159 265 2196 Hymnus
299 2158 346 2187 als
375 2157 522 2195 Vorlage.
555 2174 593 2178 -
623 2159 688 2187 Der
716 2158 797 2187 Text
832 2158 876 2186 ist
904 2157 1045 2186 offenbar
1074 2157 1213 2187 vielfach
1240 2158 1396 2194 ents‘tellt3
1431 2157 1547 2186 andere

87 2204 89 2206 '
116 2198 433 2237 Heilungsversuche
455 2199 507 2228 bei
530 2200 664 2228 Werner
683 2198 724 2236 (p.
748 2197 807 2234 99).

402 2382 476 2415 158.
514 2382 556 2415 In
579 2391 629 2416 ss.
653 2382 794 2424 lambi,
819 2381 996 2423 Philippi,
1020 2380 1254 2421 Sigismundi.

127 2490 159 2524 1.
203 2489 450 2532 Apostolorum
479 2489 664 2532 splendido
870 2491 905 2525 2.
948 2487 1084 2522 Natalis
1112 2487 1233 2520 horum
1261 2487 1374 2530 gratia

203 2540 386 2583 Philippus
414 2549 454 2574 ex
485 2541 628 2583 collegio
946 2539 1088 2573 Festiva
1115 2540 1195 2572 sunt
1223 2537 1308 2572 haec
1335 2539 1473 2585 gaudia,

199 2591 392 2633 Fraterque
420 2591 499 2625 Iesu
531 2590 675 2626 Iacobus
946 2590 992 2624 Et
1017 2589 1082 2622 iste
1110 2592 1226 2622 coetus
1254 2590 1431 2632 gratulans

203 2642 350 2677 Summis
377 2643 507 2677 micant
535 2642 734 2678 virtutibus.
946 2640 1083 2675 Laudes
1121 2640 1213 2673 canit
1240 2650 1330 2674 nunc
1357 2642 1544 2685 euphonas.
