1652 2872
621 153 646 182 Ι.
679 153 728 181 De
749 152 818 181 Deo
842 153 873 180 et
894 150 932 180 de
954 152 1064 181 Beata.
1481 150 1556 187 295

127 260 161 295 3.
201 257 243 292 In
271 266 357 301 pace
385 257 634 300 apostolorum,

202 310 243 343 In
272 309 399 352 gaudio
429 309 640 352 angelorum,

203 362 244 396 In
272 361 328 395 via
356 361 655 404 archangelorum,

202 413 242 446 In
270 412 516 456 splendoribus
545 414 755 453 sanctorum,

128 530 162 563 4.
204 527 244 561 In
272 525 436 568 operibus
464 526 644 570 iustorum,

204 580 245 614 In
274 578 404 613 virtute
430 576 689 619 monachorum,

203 631 243 665 In
270 630 440 673 martyrio
468 632 670 675 martyrum,

204 683 244 717 In
272 681 432 716 castitate
460 681 654 725 virginum,

133 802 166 834 5.
208 798 248 832 In
276 796 343 832 Dei
371 796 555 843 sapientia,

207 850 248 885 In
276 849 385 884 multa
412 848 592 894 patientia,

207 902 247 937 In
277 901 457 936 doctorum
486 900 683 946 prudentia,

206 955 247 989 In
275 954 389 988 carnis
417 952 641 994 abstinentia,

872 257 907 291 6.
950 256 990 290 In
1019 256 1158 300 linguae
1186 255 1411 297 continentia,

950 308 990 341 In
1019 309 1115 350 pacis
1144 308 1370 351 abundantia,

951 360 993 393 In
1021 361 1190 394 trinitatis
1217 360 1381 394 laudibus

952 411 993 444 In
1023 412 1181 446 caritatis
1209 412 1380 456 sensibus,

905 551 912 559 .
956 525 997 559 In
1025 524 1125 559 bonis
1152 535 1290 568 semper
1318 525 1464 570 actibus,

956 578 996 611 In
1025 575 1146 610 formis
1175 576 1402 619 spiritalibus,

955 629 995 663 In
1026 628 1153 662 divinis
1181 628 1407 671 sermonibus,

955 682 996 715 In
1026 680 1338 716 benedictionibus.

909 824 917 831 .
960 795 1000 829 In
1028 794 1083 828 his
1112 799 1166 829 est
1190 795 1260 829 iter
1286 795 1437 829 omnium

959 848 1029 882 Pro
1057 847 1196 883 Christo
1223 847 1468 890 laborantium,

959 900 1058 942 Quod
1089 899 1230 934 deducit
1258 905 1337 942 post
1364 899 1498 934 obitum

957 951 1212 994 Sempiternum
1240 952 1275 985 in
1303 951 1477 995 gaudium.

213 1077 358 1108 Oration.
389 1087 447 1106 ms.
471 1077 733 1106 Lindisfarnense
742 1075 781 1112 (22)
802 1084 883 1104 saec.
908 1072 959 1104 Sls.
1005 1075 1080 1105 Cod.
1101 1075 1279 1104 Londinen.
1302 1077 1380 1113 Reg.
1402 1073 1422 1103 2
1444 1075 1471 1103 Α
1494 1075 1565 1104 XX.

128 1121 166 1149 A.
190 1136 229 1139 —
253 1120 397 1149 Oration.
422 1128 479 1148 ms.
503 1117 714 1147 Aethelwoldi
737 1117 847 1156 Epise.
871 1115 1084 1153 (Etoeetensis
1094 1119 1119 1153 2³)
1143 1126 1223 1146 saec.
1248 1115 1276 1146 9.
1299 1119 1341 1146 in.
1380 1116 1457 1146 Cod.
1484 1117 1566 1146 Can-

132 1162 303 1200 tabrigien.
326 1161 367 1190 Ll
389 1161 405 1189 Ι
430 1159 475 1190 10.
498 1160 590 1197 (Pars
613 1158 665 1196 II).
689 1160 726 1188 Β.
748 1175 789 1178 —
815 1157 840 1195 1,
866 1157 887 1188 4
909 1160 1067 1188 maximae
1088 1159 1125 1188 A.
1150 1175 1183 1179 —
1214 1157 1241 1194 2,
1264 1158 1284 1187 4
1308 1169 1337 1188 u.
1360 1157 1388 1196 3,
1415 1158 1429 1188 1
1455 1155 1563 1188 fehlen

129 1203 165 1232 A.
189 1219 228 1222 —
250 1200 280 1239 3,
303 1200 323 1231 3
344 1203 424 1231 fehlt
448 1203 484 1231 B.
508 1217 547 1221 —
570 1199 599 1238 3,
622 1200 642 1230 4
663 1202 702 1230 In
724 1202 894 1230 sanctitate
910 1201 946 1229 A.
971 1216 1011 1220 -
1033 1199 1063 1236 4,
1090 1200 1104 1229 1
1128 1210 1157 1229 u.
1182 1199 1201 1230 2
1224 1202 1380 1230 iustorum
1403 1211 1434 1230 u.
1457 1209 1566 1230 mona-

130 1245 260 1274 chorum
283 1244 466 1282 umgestellt
487 1244 552 1272 AB.
578 1259 614 1262 -
639 1241 674 1278 5,
706 1239 725 1271 3
748 1241 827 1272 fehlt
848 1243 884 1271 B.
909 1259 947 1262 —
972 1241 1007 1277 6,
1035 1241 1049 1271 1
1074 1243 1186 1281 lingua
1209 1242 1245 1272 A.
1270 1257 1309 1263 -
1333 1240 1360 1277 6,
1385 1241 1404 1271 2
1426 1242 1506 1271 fehlt
1526 1243 1564 1271 A.

128 1303 168 1306 —
192 1285 220 1321 7,
247 1285 261 1316 1
286 1288 325 1316 In
348 1287 441 1315 bonis
465 1286 589 1315 actibus
613 1294 737 1323 semper
759 1284 967 1321 eonstitufiss)
988 1284 1026 1319 A,
1048 1285 1086 1313 In
1110 1294 1234 1322 semper
1255 1285 1350 1314 bonis
1374 1285 1409 1314 B.
1433 1302 1470 1305 —
1495 1282 1524 1319 8,
1547 1282 1567 1313 3

130 1329 193 1365 Qui
223 1329 352 1358 deducit
380 1331 508 1357 sanctos
533 1330 606 1365 post
628 1328 670 1364 133
700 1327 788 1355 ducit
810 1327 847 1355 A.
870 1342 910 1345 >*
932 1325 966 1361 8,
998 1324 1017 1354 4
1040 1326 1078 1355 In
1101 1326 1252 1365 gaudium
1277 1327 1505 1364 sempiternum
1529 1327 1566 1355 A.

130 1388 168 1392 —
192 1371 230 1399 In
252 1371 278 1400 B
302 1370 382 1407 folgt
405 1370 487 1399 noch
511 1370 562 1398 ein
587 1369 702 1398 Zusatz
726 1369 760 1396 in
781 1369 898 1397 Prosa:

215 1412 279 1450 „Ut
302 1412 431 1441 audiam
453 1420 564 1440 vocem
587 1411 773 1449 angelorum
795 1411 899 1439 Deum
922 1410 1122 1439 laudantium
1147 1420 1183 1438 ae
1207 1410 1396 1439 dicentium:
1420 1407 1567 1445 Sanetus,

132 1453 278 1489 Sanetus,
303 1451 470 1483 Sanctus.“
515 1452 599 1492 (Vgl.
623 1452 735 1481 hierzu
758 1452 809 1481 die
832 1453 915 1481 Note
938 1453 1023 1481 bein]
1047 1451 1217 1490 folgenden
1241 1450 1418 1488 Gediehte.)

213 1495 304 1525 Auch
326 1495 397 1524 hier
419 1495 534 1533 drangt
556 1494 656 1523 vieles
679 1493 834 1523 zun‘aehst
856 1503 916 1522 nur
938 1503 977 1522 zu
1001 1495 1089 1522 einer
1111 1493 1241 1523 star-ken
1263 1494 1472 1531 Vermutung,
1496 1493 1565 1522 dass

128 1539 186 1566 wir
209 1538 278 1567 eine
302 1534 421 1566 irisehe
443 1537 518 1565 oder
541 1536 620 1564 doeh
644 1535 801 1565 keltisehe
818 1535 982 1573 Dichtung
996 1545 1055 1564 vor
1071 1545 1131 1564 uns
1148 1536 1263 1564 haben.
1280 1552 1320 1554 —
1343 1533 1371 1571 8,
1389 1533 1407 1563 2
1426 1536 1568 1564 erinnert

129 1587 169 1607 an
199 1579 254 1608 Nr.
286 1577 362 1613 217,
397 1579 459 1607 Str.
485 1577 520 1613 1,
549 1576 578 1606 2.
609 1594 648 1597 --
677 1578 755 1606 Zum
784 1577 884 1606 Texte
913 1577 978 1616 vgl.
1003 1578 1087 1606 Dom
1112 1574 1286 1615 Knypers,
1322 1576 1392 1606 The
1414 1577 1505 1606 Book
1536 1576 1570 1606 of

128 1621 243 1655 Cerne,
272 1631 301 1659 p.
333 1619 370 1649 91
404 1629 435 1649 u.
459 1618 534 1655 2113
566 1619 617 1649 die
640 1621 795 1648 Lesarten
818 1629 881 1648 von
904 1618 932 1647 A
956 1619 1106 1648 entnahm
1130 1619 1182 1647 ich
1205 1619 1319 1648 dessen
1342 1618 1564 1648 Publikation.

212 1662 296 1692 Titel
318 1663 354 1691 in
376 1661 419 1691 A:
446 1662 575 1699 „Oratio
598 1660 785 1697 inatutina“,
812 1662 846 1690 in
870 1662 911 1690 B:
941 1661 1069 1699 „Oratio
1092 1659 1323 1690 matutinalis.“

599 1847 673 1879 225.
710 1847 840 1880 Oratio
865 1848 1100 1888 Vespertina.

136 1956 167 1991 1.
212 1957 254 1991 In
283 1965 368 1999 paee
398 1956 530 1991 Christi
558 1955 737 2001 dormiam,

211 2008 261 2044 Ut
287 2008 419 2042 nullum
449 2008 577 2042 malum
606 2008 743 2043 videam

211 2062 243 2095 A
272 2060 371 2095 malis
400 2060 590 2095 visionibus

212 2113 251 2146 In
280 2112 440 2147 noctibus
468 2112 685 2152 nocentibus,

136 2231 169 2266 2.
213 2229 283 2264 Sed
310 2228 478 2263 visionem
507 2228 644 2262 videam

212 2281 374 2315 Divinam
403 2290 444 2314 ac
471 2281 732 2325 propheticam3

211 2333 309 2377 Rogo
337 2336 472 2376 patrem
501 2336 536 2366 et
562 2331 682 2377 filium,

215 2385 311 2429 Rogo
338 2385 499 2428 spiritum
528 2388 696 2419 sanctum.

143 2500 176 2534 3.
217 2499 315 2541 Rogo
343 2508 467 2532 novam
494 2499 687 2541 ecclesiam,

215 2551 311 2594 Rogo
339 2550 483 2584 Henoeh
513 2554 545 2584 et
573 2550 700 2592 Eliam‚

215 2602 312 2645 Rogo
342 2602 559 2644 patriarchas
587 2605 731 2645 septem,

215 2654 311 2697 Rogo
339 2652 527 2695 baptistam
556 2653 755 2687 Iohannem.

885 1958 919 1990 4.
963 1956 1059 1999 Rogo
1089 1956 1207 1990 beatos
1237 1955 1389 2000 angelos,

962 2008 1059 2051 Rogo
1088 2018 1207 2043 omnes
1235 2007 1424 2051 apostolos,

963 2060 1059 2103 Rogo
1088 2060 1278 2104 prophetas
1306 2059 1493 2103 perfectos,

962 2112 1057 2155 Rogo
1086 2119 1259 2156 martyres
1288 2113 1429 2147 electos.

912 2257 919 2263 .
963 2228 1060 2272 Rogo
1087 2229 1215 2262 iustum
1243 2227 1445 2271 Patricium,

960 2280 1057 2323 Rogo
1089 2284 1244 2314 sanctum
1275 2280 1452 2326 Ciricium,

962 2332 1059 2375 Rogo
1087 2333 1207 2368 mundi
1235 2332 1455 2375 salvatorem,

962 2384 1062 2427 Rogo
1090 2388 1246 2420 nostrum
1275 2384 1542 2427 redemptorem,

912 2526 919 2533 .
962 2494 1045 2543 (Ut)
1074 2498 1223 2533 animam
1251 2508 1361 2533 meam
1389 2498 1525 2532 salvare

963 2546 1190 2596 (Dignentur)
1202 2551 1237 2585 in
1249 2551 1343 2584 exitu
1356 2550 1398 2585 de
1410 2558 1566 2592 corpore.

962 2600 1012 2634 Te
1041 2601 1221 2645 deprecor,
1249 2607 1286 2636 ut
1316 2602 1436 2645 debeo,

965 2651 1090 2687 Cordis
1117 2655 1184 2688 mei
1212 2664 1254 2689 ex
1281 2654 1414 2698 intimo,
