1652 2872
165 245 226 280 28.

164 515 224 549 29.

161 782 220 816 30.

161 1053 220 1088 31.

162 1336 222 1373 32.

163 1609 222 1644 33.

157 1994 217 2030 40.

655 140 680 168 I.
713 139 762 168 De
783 139 853 167 Deo
875 141 907 168 et
928 138 965 167 de
988 140 1099 168 Beata.

267 244 447 279 Adversus
475 253 550 277 eum

322 296 430 329 initur
459 295 651 335 consilium,

267 348 332 391 Qui
351 348 468 391 magni
497 346 610 380 dictus

319 398 455 433 consilii
482 402 534 434 est
561 397 714 440 angelus.

265 512 447 548 Accedunt
475 511 507 545 ei
722 549 749 557 Α

317 567 355 598 ut
380 563 508 598 latroni
537 572 611 596 cum
640 563 767 606 gladiis

263 615 391 649 Furem
419 615 570 648 aeternis

314 667 487 701 tradituro
515 666 678 703 aestibus,

265 781 420 815 Tandem
448 781 597 816 humano

321 833 474 867 traditur
499 833 639 879 iudicio,

264 885 409 919 Mortali
437 895 519 928 rege

318 937 503 972 damnatur
532 942 732 981 perpetuus.

265 1052 371 1088 Cruci
398 1051 554 1086 confixus

316 1105 432 1148 polum
460 1105 548 1138 mire
576 1106 727 1139 concutit

261 1157 463 1200 Lumenque
491 1157 574 1191 solis

315 1209 428 1243 tribus
457 1209 617 1244 obtendit
644 1209 750 1247 horis,

267 1335 359 1369 Saxa
387 1338 606 1378 rumpuntur,

316 1387 430 1422 velum
458 1387 630 1422 scinditur
658 1388 792 1431 templi⁷

267 1439 344 1474 Vivi
373 1444 583 1483 consurgunt

318 1491 361 1526 de
390 1492 560 1534 sepulcris
589 1492 727 1530 mortui.

267 1609 451 1644 Corrosum
479 1609 579 1644 nodis

315 1661 414 1695 annis
443 1660 516 1696 fere
544 1662 684 1696 milibus

264 1713 424 1748 Extricat
451 1714 564 1748 saevis

314 1764 418 1799 inferi
447 1765 614 1800 feralibus

265 1996 374 2040 Rogo,
404 2005 504 2039 quam
535 1996 640 2030 tantis
658 2036 686 2043 Α

314 2048 510 2091 talibusque
548 2048 701 2082 donariis

262 2099 382 2134 Vicem
408 2100 579 2144 condigne

315 2162 497 2196 possumus
526 2153 747 2196 rependere?

915 244 972 278 34.

912 514 972 548 35.

913 784 974 818 36.

913 1337 973 1372 38.

913 1612 973 1647 39.

861 1908 882 1931 >k

907 1997 968 2032 41.

532 2280 595 2314 42.
637 2278 755 2313 Solum
782 2288 920 2312 oramus

688 2330 753 2364 hoc
780 2330 941 2373 idemque
966 2330 1172 2366 maximum:

636 2383 767 2428 Nostri,
798 2385 950 2424 aeterne,

688 2434 864 2474 miserere,
893 2434 1050 2469 Domine.

1522 141 1597 177 273

1019 241 1147 290 [Tunc]
1175 245 1464 287 protoplaustum,

1072 293 1287 342 [lacri]mosa
1316 297 1427 330 suboli

1018 347 1167 381 Abiecta
1195 348 1277 381 mali

1070 402 1179 432 morte
1207 409 1312 433 saeva
1338 400 1476 444 ultrice,

1016 514 1192 555 Quemque
1220 513 1397 556 antiquum

1066 565 1231 607 paradiso
1259 565 1407 600 incolam

1015 616 1170 650 Recursu
1199 626 1260 650 suo

1066 669 1257 702 clementer
1287 670 1450 704 restituit.

1015 782 1186 817 Exaltans
1216 787 1321 825 caput

1067 835 1219 868 universi
1247 835 1403 878 corporis

1017 888 1057 921 In
1087 887 1243 921 trinitate

1070 939 1199 973 locavit
1227 940 1422 975 ecclesiam.

962 1080 970 1088 .
1013 1054 1054 1087 In
1081 1053 1147 1087 hoc
1175 1054 1319 1088 caelitus

1064 1105 1161 1139 iubet
1187 1106 1516 1152 portasfflprincipes

1015 1158 1103 1201 Regi
1140 1168 1215 1192 cum
1244 1159 1347 1192 sociis

1068 1211 1263 1245 aeternales
1291 1211 1457 1254 pandere,

1018 1336 1205 1370 Errantem
1239 1336 1392 1380 propriis

1069 1388 1218 1422 evehens
1247 1389 1470 1424 centesimam

1016 1441 1184 1483 Supernis
1213 1450 1312 1475 ovem

1066 1492 1194 1526 umeris
1224 1493 1385 1528 ovilibus,

1018 1611 1124 1653 Quem
1155 1614 1396 1652 exspectamus

1067 1661 1270 1696 adfuturum
1298 1662 1449 1697 iudicem

1015 1715 1145 1748 Iustum
1175 1714 1298 1757 cuique

1065 1777 1152 1809 opus
1181 1777 1278 1801 suum
1308 1766 1469 1802 reddere.

993 1877 1013 1898 >κ

1010 1997 1100 2040 Quid
1129 2001 1200 2031 tam
1227 1998 1390 2031 mortales

1064 2052 1236 2083 tentamus
1265 2049 1442 2093 micrologi

1012 2101 1178 2143 Narrare,
1207 2101 1318 2144 quivit

1064 2163 1152 2196 quae
1179 2153 1294 2188 nullus
1323 2153 1486 2188 edicere?

242 2557 415 2595 Antiphon.
446 2567 502 2587 ms.
533 2558 754 2587 Benchorense
784 2558 861 2585 anni
890 2555 1064 2587 680—691.
1109 2556 1188 2589 Cod.
1212 2560 1415 2589 Ambrosiam.
1439 2560 1464 2588 C
1487 2558 1506 2588 5
1535 2561 1589 2589 inf.

159 2615 197 2619 —
223 2597 256 2635 l,
286 2597 301 2627 l
333 2599 534 2629 Praecamur.
558 2615 597 2618 —
621 2598 656 2635 2,
686 2598 705 2629 3
736 2609 781 2637 sq.
805 2599 866 2627 Die
897 2601 930 2627 in
960 2599 1015 2628 der
1037 2600 1095 2629 Hs.
1126 2601 1293 2631 fehlenden
1317 2602 1427 2630 Worte
1457 2602 1590 2639 erg‘auzt

161 2641 297 2670 Warren
318 2640 350 2677 (l.
374 2650 400 2670 c.
417 2642 458 2676 II⁷
483 2652 512 2679 p.
529 2640 560 2678 5)
573 2640 687 2670 durch:
713 2641 862 2679 „Trinum
878 2641 912 2669 in
928 2641 1030 2670 tribus
1051 2640 1055 2680 Ι
1074 2642 1269 2673 adorandum
1286 2640 1462 2681 pe1·sonis“.
1498 2643 1588 2672 Nach

222 2694 362 2724 Blumo,
379 2694 523 2720 Thesauri
540 2694 740 2726 hymnologioi
757 2693 964 2726 Hymnarium.

1364 2693 1400 2723 18
