1652 2872
153 136 199 172 14
463 135 542 163 Pars
564 135 589 163 Ι.
633 135 754 172 Hymni
777 136 994 174 antiquissimi
1017 145 1099 164 saec.
1121 135 1259 164 V.—X1.

175 242 208 275 3.
255 239 307 272 Tu
336 247 418 271 vera
446 238 505 271 lux
535 237 700 284 fidelium,
921 241 953 275 7.
999 239 1123 273 Vinum
1154 242 1304 273 mentem
1332 247 1399 271 non
1428 239 1577 279 occupet

249 291 355 331 Quem
384 290 439 322 lex
468 294 611 324 veterna
634 300 700 324 non
721 294 826 332 tenet,
993 290 1177 324 Ebrietate
1203 290 1357 333 perdita,

248 341 393 374 Noctem
419 350 484 374 nec
510 347 587 375 ortu
616 342 815 384 succedens,
995 342 1064 376 Sed
1093 347 1211 375 nostro
1239 341 1354 374 sensui
1375 342 1574 381 competens

249 393 404 426 Aeterno
433 391 568 436 fulgens
596 393 734 438 lumine,
995 393 1106 427 Tuum
1135 393 1293 427 bibamus
1321 391 1495 435 poculum.

170 486 204 521 4.
248 485 400 529 Christe,
432 495 616 528 precamur
644 486 758 520 adnue
919 488 954 521 8.
999 486 1189 520 Conservet
1219 485 1315 528 pacis
1344 482 1488 519 foedera

250 536 438 571 Orantibus
467 537 577 571 servis
606 538 687 580 tuis,
996 537 1072 571 Non
1102 537 1262 570 simulata
1290 535 1428 575 caritas,

249 587 422 631 Iniquitas
450 589 536 622 haec
566 589 697 622 saeculi
996 589 1065 622 Sed
1090 588 1226 621 illibata
1255 587 1397 621 castitas

248 639 299 673 Ne
328 644 482 674 nostram
512 641 668 683 captivet
697 639 812 675 fidem.
997 640 1214 674 Credulitate
1241 638 1390 681 perpeti.

167 735 202 768 5.
245 732 323 766 Non
354 733 542 775 cogitemus
570 733 687 775 impie,
915 734 949 768 9.
992 732 1179 766 Addeudis
1207 741 1276 765 non
1305 732 1349 764 sit
1376 729 1532 772 praediis

243 784 464 818 Invideamus
493 784 632 825 nemini,
992 784 1198 818 Malesuada
1226 792 1363 825 semper
1391 781 1504 826 famis,

244 837 347 871 Laesi
376 846 418 869 ne
444 836 631 869 reddamus
660 836 784 880 vicem,
993 835 1029 868 Si
1057 833 1202 868 affluant
1233 834 1387 872 divitiae,

243 888 430 921 Vincamus
458 888 493 920 in
521 888 610 920 bono
639 888 777 923 1113111111.
994 886 1190 929 Prophetae
1209 896 1270 919 nos
1291 886 1444 928 psalmus
1460 888 1569 928 regat.

165 982 201 1016 6.
243 980 347 1014 Absit
376 981 505 1013 nostris
534 989 552 1012 e
580 980 744 1013 cordibus
890 980 948 1014 10.
991 981 1146 1020 Praesta,
1176 982 1278 1021 pater
1305 978 1470 1023 ingenite,

242 1033 311 1071 113,
343 1032 453 1074 dolus,
483 1031 658 1073 superbia,
992 1031 1114 1064 Totum
1146 1031 1312 1064 ducamus
1339 1030 1467 1073 iugiter

244 1083 403 1118 Absistat
432 1083 591 1125 avaritia,
992 1083 1132 1117 Christo
1160 1083 1339 1125 placentes
1367 1082 1457 1115 hunc
1477 1081 1567 1115 diem

240 1136 412 1168 Malorum
442 1135 544 1168 radix
575 1134 736 1168 omnium.
991 1134 1118 1168 Sancto
1147 1134 1273 1177 repleti
1301 1134 1438 1176 spiritu.

217 1227 317 1255 Psalt.
349 1230 379 1254 et
402 1227 520 1264 Hymn.
547 1235 603 1254 ms.
628 1227 738 1254 incert.
763 1226 884 1264 orginis
908 1235 991 1254 saec.
1014 1223 1064 1255 ssa.
1109 1225 1185 1255 Cod.
1210 1226 1357 1254 Vatican.
1380 1226 1493 1263 Regin.
1519 1224 1566 1254 11.

135 1269 171 1296 Α.
194 1284 235 1287 —-
258 1268 338 1297 Coll.
364 1277 420 1296 ms.
444 1267 654 1296 Mur-bacense
675 1267 884 1305 (Augiense⁴?)
906 1276 988 1296 saec.
1010 1265 1051 1304 (8.
1075 1266 1116 1304 et)
1137 1265 1165 1295 9.
1204 1267 1281 1296 Cod.
1299 1268 1456 1296 Oxonien.
1474 1266 1566 1295 Bodl.

134 1310 202 1338 Iun.
240 1307 290 1338 25.
322 1310 357 1338 B.
381 1324 421 1328 -—
445 1309 575 1337 (olleet.
607 1312 637 1337 et
667 1309 785 1346 Hymn.
818 1318 874 1337 ms.
903 1309 1096 1338 Corbeiense
1125 1318 1207 1337 saec.
1240 1306 1267 1337 9.
1321 1309 1396 1338 Cod.
1426 1308 1567 1337 Parisin.

137 1349 255 1380 14088.
278 1351 312 1380 C.
336 1368 376 1371 —
398 1351 496 1379 Psalt.
521 1355 552 1378 et
574 1350 691 1387 Hymn.
717 1360 773 1379 ms.
790 1348 1016 1380 Rhenoviense
1040 1359 1121 1379 saec.
1139 1348 1167 1379 9.
1207 1350 1283 1379 Cod.
1299 1350 1448 1379 Turicen.
1463 1349 1566 1379 Rhen.

136 1390 184 1421 34.
210 1393 249 1421 D.
274 1410 311 1413 —
339 1391 365 1427 1,
389 1392 409 1421 4
432 1391 552 1421 Christi
575 1392 709 1421 fatentes
734 1393 870 1429 gratiam
886 1391 924 1426 A,
948 1392 1065 1421 fatente
1087 1394 1192 1430 gratia
1217 1392 1249 1421 C.
1267 1407 1307 1411 —
1322 1389 1350 1425 2,
1374 1389 1393 1420 2
1416 1391 1567 1426 condens,

135 1435 192 1462 mit
225 1434 438 1472 eingefiigtem
463 1431 510 1470 „i“
535 1433 614 1462 iiber
635 1433 691 1461 der
713 1434 806 1463 Linie
829 1433 987 1462 zwischen
1010 1433 1029 1461 d
1052 1433 1115 1462 und
1139 1442 1155 1461 e
1177 1434 1214 1470 A,
1245 1433 1394 1462 condedit
1417 1433 1451 1462 C.
1472 1448 1513 1452 —-
1535 1430 1564 1468 2,

134 1473 153 1504 3
176 1476 289 1504 Eterre
313 1476 346 1506 C.
370 1491 409 1494 —-
432 1473 467 1509 3,
500 1473 518 1502 2
544 1475 593 1503 lex
617 1478 762 1512 aeterua,
793 1475 829 1503 A.
852 1491 891 1495 -
915 1472 950 1510 3,
981 1473 1000 1503 3
1023 1475 1134 1504 Noctis
1157 1484 1216 1504 nec
1239 1478 1326 1504 ortus
1350 1474 1496 1503 occidens
1519 1474 1566 1510 A3

133 1519 202 1546 orto
227 1517 397 1546 succedens
422 1518 460 1548 B:
485 1520 556 1545 ortu
578 1517 696 1544 sucidis
720 1517 754 1545 (J.
779 1531 815 1536 —
839 1514 868 1551 3,
891 1515 912 1545 4
933 1516 1029 1555 fulgis
1055 1517 1089 1545 C.
1107 1532 1144 1535 —
1161 1515 1190 1550 4,
1216 1514 1229 1544 1
1256 1516 1377 1545 adnuas
1398 1517 1435 1550 A,
1459 1516 1563 1545 abnue

135 1558 168 1587 C.
190 1574 231 1577 —
253 1557 282 1592 4,
312 1556 331 1587 3
355 1559 514 1595 Iniquitas
537 1568 576 1586 ne
600 1559 719 1586 saeculi
744 1559 780 1586 A.
806 1573 837 1578 ψ·
866 1557 896 1593 4,
925 1557 945 1586 4
967 1559 1014 1587 Ne
1036 1558 1115 1587 fehlt
1137 1559 1173 1587 A.
1197 1575 1236 1578 —
1261 1557 1288 1592 5,
1318 1556 1332 1586 1
1357 1557 1447 1586 Nach
1473 1557 1564 1595 „Non

133 1610 169 1629 co
194 1597 250 1618 —“
277 1599 383 1628 direkt
405 1601 687 1637 iibergesprungen
710 1600 743 1627 in
765 1599 816 1628 die
839 1599 935 1629 dritte
949 1600 1051 1630 Zeile:
1075 1599 1243 1628 reddamus
1262 1600 1375 1630 vicem,
1397 1599 1463 1627 und
1478 1599 1563 1627 dann

133 1642 240 1679 spater
262 1641 452 1679 korrigiert:
475 1642 547 1670 Non
572 1650 633 1678 quo
657 1641 825 1670 reddamus
848 1642 881 1670 in
903 1641 1018 1677 [dieses
1041 1642 1119 1670 iiber
1141 1641 1196 1670 der
1218 1642 1324 1676 Linie)
1346 1642 1447 1669 vicem
1471 1641 1509 1669 A.
1526 1656 1566 1659 —

132 1682 167 1717 5,
201 1679 220 1711 3
237 1683 334 1712 Laesi
358 1692 421 1711 11011
445 1684 612 1711 vincamus
635 1682 784 1715 (dai-iiber
806 1683 986 1715 reddamus)
1009 1683 1042 1712 C.
1065 1699 1105 1702 ——
1128 1681 1165 1717 5,
1190 1681 1210 1711 4
1232 1683 1350 1711 1101111111
1374 1682 1492 1711 malum
1517 1681 1566 1718 Q,

132 1725 186 1754 cfr.
215 1725 269 1753 Nr.
293 1722 321 1758 3,
355 1724 416 1752 Str.
439 1722 468 1759 3,
495 1722 522 1752 2.
546 1739 584 1744 —
609 1723 637 1757 6,
664 1723 678 1752 1
703 1733 741 1752 ex
763 1725 799 1752 A.
823 1740 863 1744 —
887 1722 913 1759 7,
939 1723 957 1752 2
979 1724 1145 1753 Ebrietate
1166 1722 1275 1759 (-atem
1299 1723 1335 1760 C)
1357 1725 1479 1762 perpeti
1500 1722 1565 1760 (cfr.

132 1764 160 1801 8,
191 1764 222 1802 4)
246 1766 307 1794 BC.
334 1783 371 1786 -—
397 1764 423 1799 Τ,
454 1763 473 1794 3
497 1766 544 1795 Sit
567 1766 685 1794 nostris
709 1766 855 1794 sensibus
881 1770 1077 1803 competens,
1108 1766 1279 1803 korrigiert
1301 1766 1350 1794 in:
1383 1765 1431 1794 Sit
1456 1767 1568 1794 noster

133 1817 245 1836 sensus
271 1811 453 1845 competens
477 1808 521 1836 A:
544 1813 652 1836 nostro
677 1816 773 1835 sensu
796 1807 830 1836 C.
853 1823 895 1826 ——
917 1805 944 1839 7,
967 1806 987 1836 4
1010 1807 1156 1845 poeolum
1181 1807 1215 1836 C.
1231 1823 1272 1826 —
1287 1805 1316 1841 8,
1339 1805 1358 1835 3
1375 1807 1424 1835 Sit
1439 1806 1566 1835 illibata

132 1850 168 1878 A.
191 1864 232 1868 —
254 1847 282 1883 9,
317 1847 331 1877 1
356 1849 509 1877 Adtendis
533 1845 569 1877 C.
594 1864 633 1868 —
657 1847 685 1883 9,
709 1847 727 1877 2
750 1849 838 1878 Mala
860 1849 973 1878 suadat
996 1850 1030 1878 C.
1052 1865 1093 1868 —
1116 1847 1145 1883 9,
1167 1846 1186 1878 3
1209 1850 1254 1879 Ut
1274 1849 1409 1878 sefluaut
1430 1849 1565 1877 divitiae

131 1891 174 1923 A:
206 1891 347 1919 Divitiae
372 1892 397 1918 si
422 1890 553 1919 affluant
576 1890 610 1919 C.
635 1906 673 1910 —-
696 1888 723 1925 9,
747 1890 767 1919 4
788 1890 981 1928 Prophetiae
1004 1890 1107 1925 non(!)
1128 1890 1270 1928 psalmus
1294 1890 1445 1928 redgatss)
1467 1890 1501 1919 C.
1525 1906 1565 1910 —-

134 1930 180 1967 10,
209 1931 230 1960 4
260 1932 382 1969 repletu
407 1931 439 1960 C.
462 1947 503 1951 ——
525 1932 561 1960 In
585 1932 614 1960 D
637 1933 679 1960 ist
701 1941 774 1960 vom
796 1941 919 1969 ganzen
941 1933 1089 1969 Hymnus
1112 1942 1172 1961 nur
1195 1934 1247 1960 ein
1270 1933 1421 1969 winziges
1445 1931 1565 1960 Bruch-

131 1974 223 2002 stiick
255 1973 413 2007 erhalten,
443 1972 580 2001 niimlich
611 1983 674 2001 von
697 1971 732 2007 5,
766 1972 797 2001 l:
829 1974 1004 2010 cogitemus
1033 1975 1139 2011 impie.
1162 1989 1202 1994 -
1226 1973 1286 2001 Am
1309 1972 1460 2002 Schlusse
1482 1973 1564 2001 noch

133 2013 282 2051 „Gloriff
313 2016 349 2043 A.
372 2030 413 2033 —
439 2016 595 2051 „Himnus
625 2014 677 2044 die
705 2015 811 2043 sabati
841 2014 1013 2043 dicendus“
1043 2015 1084 2051 A;
1116 2016 1207 2052 „VIL
1239 2012 1328 2043 Fe1-.“
1354 2014 1388 2043 C.

680 2147 733 2179 1-2.
768 2147 820 2179 Ad
843 2147 1018 2179 Primam.

134 2221 165 2256 1.
210 2221 472 2255 Postmatutinis
502 2222 672 2267 laudibus,
878 2224 911 2258 3.
954 2223 1148 2258 Psallamus
1176 2229 1291 2257 mente
1319 2223 1480 2270 Domino,

210 2274 302 2313 Quas
329 2273 477 2306 trinitati
506 2274 698 2316 psallimus,
955 2275 1148 2309 Psallamus
1176 2275 1278 2308 simul
1307 2279 1341 2309 et
1369 2275 1507 2319 spiritu,

209 2324 402 2358 Psallamus
430 2335 560 2366 rursus,
591 2325 754 2358 admonet
954 2326 1008 2359 Ne
1036 2336 1123 2369 vaga
1151 2335 1247 2360 mens
1275 2327 1309 2360 in
1337 2327 1498 2370 turpibus

209 2375 320 2408 Verus
348 2379 448 2417 pater
476 2375 640 2412 familias.
954 2378 1087 2411 Inertes
1115 2382 1208 2420 tegat
1237 2378 1380 2422 animos,

129 2459 165 2494 2,
208 2456 321 2490 Simus
351 2467 487 2500 semper
514 2458 667 2499 solliciti,
876 2462 911 2494 4.
955 2459 1025 2493 Sed
1053 2460 1182 2502 septies
1208 2459 1243 2493 in
1272 2459 1338 2493 hac
1368 2460 1424 2493 die

207 2508 260 2542 Ne
287 2514 485 2552 praetereat
513 2519 599 2551 opus
628 2509 705 2553 Dei,
953 2510 1117 2544 Dicamus
1146 2510 1267 2544 laudes
1295 2510 1455 2553 Domino,

206 2560 275 2594 Sed
304 2570 438 2594 oremus
467 2561 598 2602 sedule,
952 2562 1137 2596 Divinitati
1164 2563 1302 2604 perpeti

207 2611 306 2645 Sicut
335 2612 434 2646 docet
463 2613 652 2655 apostolus,
950 2612 1077 2646 Debita
1107 2613 1224 2646 demus
1253 2612 1396 2657 gloriae.
