1652 2872
109 141 182 179 174
430 142 508 170 Pars
531 142 556 170 Ι.
600 142 719 179 Hymni
742 142 955 180 antiquissimi
979 150 1059 170 saec.
1082 140 1219 169 V.—-XI.

110 246 172 280 11.
214 245 299 278 Eius
329 253 462 287 quoque
491 244 582 278 cives
611 248 670 279 tuo

264 296 460 329 interventu
488 299 641 341 protege,

214 347 288 381 Tuo
317 356 374 380 eos
404 346 613 382 benedicens

263 407 322 432 ore
349 399 541 442 apostolico

212 451 297 485 Cum
326 450 455 484 colonis
482 454 585 494 atque
612 451 716 494 agris,

263 502 321 545 qui
349 502 399 557 adl
422 511 479 537 eos
507 503 691 546 pertinent.

852 247 910 282 12.
954 245 1073 280 Gloria
1100 244 1145 277 sit
1173 243 1247 277 Deo
1273 243 1376 287 patri,

1003 297 1077 330 laus
1106 299 1138 328 et
1166 295 1324 329 iubilatio

954 348 1110 390 Filioque
1138 347 1210 381 eius
1239 355 1321 381 vero

1005 403 1084 434 ante
1111 398 1226 433 saecla
1253 398 1369 441 genito

955 451 1088 493 Spiritu
1118 460 1193 484 cum
1223 450 1420 484 consolante

1006 512 1209 546 semperque
1238 501 1384 536 vivifico.

195 584 326 613 collect.
351 593 406 612 ms.
430 583 461 615 S.
486 583 626 613 Cornelii
650 583 910 621 Compendiensis
934 593 1014 612 saec.
1039 581 1067 612 9.
1090 593 1138 612 ex.
1183 583 1258 612 Cod.
1281 583 1419 611 Parisin.
1442 579 1533 611 2373.

107 641 147 645 —
172 623 207 661 1,
236 624 254 654 5
277 628 457 654 merentem.
484 642 524 646 -
547 623 584 661 4,
618 624 632 654 1
657 627 720 654 Set.
745 640 783 644 —
808 624 840 660 7,
869 624 886 653 6
911 625 1057 663 reliquid.
1081 639 1120 644 ——
1143 622 1176 660 9,
1204 622 1223 652 5
1244 627 1348 653 cunta.
1373 640 1411 644 ——
1438 622 1491 660 12,
1515 623 1535 652 4

109 667 248 696 saecula.
278 682 318 686 -—
341 663 378 695 P.
409 674 436 696 v.
467 663 656 702 H'inte‘rfeld
686 666 873 703 publizierte
895 667 1004 695 diesen
1027 665 1091 694 und
1113 666 1173 694 den
1196 665 1363 703 folgenden
1387 666 1533 702 Hymnus

110 708 191 738 nach
222 710 310 737 einer
333 707 494 737 Absehrift
515 705 548 737 C.
573 705 732 744 Ha7n12e23
754 707 854 741 (Poet.
886 707 939 736 lat.
971 707 1050 736 med.
1074 709 1145 736 aevi
1167 707 1222 736 IV.
1245 708 1281 742 1.,
1303 717 1331 744 p.
1356 705 1416 736 239
1439 706 1536 745 sqq.);

109 752 218 779 diesen
241 750 321 778 Text
351 749 432 778 habe
463 749 543 778 auch
574 748 623 777 ich
652 749 791 778 benutzt.
823 765 861 769 —
885 748 1074 778 Winterfeld
1106 747 1161 777 hat
1193 747 1225 783 (1.
1248 758 1273 777 c.
1297 758 1326 786 p.
1353 746 1425 783 237)
1445 749 1536 777 iiber-

109 792 249 830 zeugend
279 791 447 828 dargetan,
477 790 546 819 dass
577 790 629 818 die
659 790 862 819 Translation
893 790 973 818 nach
1001 788 1208 828 Compiegne,
1240 789 1369 828 speziell
1399 790 1455 819 der
1476 790 1536 819 Ur-

110 843 230 871 sprung
252 832 354 861 dieses
378 832 441 861 und
462 831 517 860 des
532 830 701 868 folgenden
717 831 896 866 Gedichtes,
919 832 1019 860 worin
1034 831 1148 860 Kaiser
1163 831 1242 860 Karl
1257 832 1315 861 111.
1333 832 1380 860 als
1399 831 1536 867 „Karlus

113 872 253 904 ('aesar“
288 877 428 912 genannt
458 872 551 907 wird,
581 873 613 900 in
643 872 696 901 die
724 871 978 902 Schlussmonate
1008 872 1062 901 des
1084 872 1199 901 Jahres
1229 870 1291 901 8⁶36
1318 872 1394 902 oder
1423 873 1456 901 in
1485 873 1537 901 die

110 919 214 945 ersten
242 915 297 944 des
328 915 495 953 folgenden
516 913 632 942 Jahres
663 913 800 952 gefallen
828 915 897 942 sein
919 913 1011 942 muss.
1056 914 1212 943 Weiteres
1235 914 1310 943 sehe
1332 923 1405 943 man
1427 915 1461 943 in
1483 914 1539 943 der

111 959 193 987 Note
217 967 286 985 zum
310 956 463 985 nachsten
486 955 643 992 Hymnus.

407 1097 481 1130 151.
516 1098 557 1129 In
580 1096 839 1130 'translatione
863 1106 893 1129 s.
918 1096 1082 1129 Cornelii
1104 1098 1243 1138 Papae.

232 1155 411 1192 Hymnus
439 1152 626 1181 monaehi
657 1150 999 1189 Compendiensis
1030 1152 1076 1181 ad
1103 1153 1421 1182 Processionem.

319 1247 365 1284 R.
409 1247 540 1282 Christi
568 1256 660 1292 oves,
692 1247 863 1280 exsultate
890 1258 912 1278 ἦε
943 1246 1093 1289 spiritali
1121 1247 1248 1292 iubi103

409 1300 466 1334 Ad
495 1299 586 1334 ovile
615 1299 706 1333 redit
736 1309 845 1339 suum,
878 1311 900 1330 oe
930 1309 983 1344 en,
1014 1308 1106 1343 papa
1134 1299 1327 1336 Cornelius,

119 1385 154 1419 1.
198 1383 269 1418 Nos
297 1382 423 1426 pagani
453 1383 692 1425 compulerunt

244 1435 287 1468 ob
316 1438 435 1469 nostra
463 1433 620 1469 facinora

194 1487 326 1530 Corpus
355 1486 430 1521 eius
458 1487 502 1521 ab
531 1486 595 1520 hoc
623 1486 753 1529 templo

244 1538 451 1573 Silvanectis
477 1548 599 1583 agere3

193 1590 262 1625 Sed
290 1590 357 1625 iam
386 1599 472 1634 pace
498 1600 563 1633 per
592 1590 741 1624 divinam

245 1641 430 1677 reflorente
457 1643 605 1686 gratiam

194 1695 251 1729 Ad
280 1698 451 1730 sacratam
480 1695 546 1729 sibi
574 1694 691 1728 sedem

245 1747 333 1781 illud
361 1757 452 1781 nunc
479 1745 677 1782 referimus

861 1384 896 1417 4.
939 1382 1033 1424 Ergo
1062 1383 1176 1416 cuncti
1204 1383 1437 1426 supplicemus

991 1434 1109 1479 eorde,
1137 1445 1208 1477 ore,
1237 1445 1355 1479 opere,

940 1485 987 1520 Ut
1015 1490 1133 1521 nostra
1161 1487 1274 1522 solvat
1299 1488 1428 1522 delicta

990 1547 1065 1572 cum
1094 1539 1199 1573 Petro
1227 1540 1384 1583 apostolo

938 1589 1167 1634 Hostiumque
1195 1592 1246 1625 sic
1272 1596 1468 1626 nostrorum

992 1643 1100 1677 elidat
1128 1643 1340 1687 superbiam,

939 1695 987 1730 Ut
1014 1695 1050 1728 in
1076 1704 1162 1737 pace
1190 1696 1380 1730 serviamus

990 1746 1064 1781 Deo
1092 1751 1210 1781 nostro
1236 1747 1374 1791 iugiter.

126 1832 162 1866 2.
205 1831 291 1865 Inde
321 1840 419 1865 sacer
447 1830 575 1873 gaudet
604 1830 714 1864 clerus
867 1832 900 1864 5.
943 1830 1027 1864 Oret
1054 1841 1188 1874 quoque
1215 1841 1279 1874 pro
1307 1840 1429 1865 sereno

253 1892 294 1917 ac
320 1882 436 1916 fidelis
463 1883 622 1928 populus,
995 1883 1106 1917 Karlo
1133 1887 1252 1917 nostro
1281 1883 1430 1918 Caesare

201 1934 356 1978 Tresque
384 1933 518 1968 fructus
547 1935 773 1977 revirescunt,
941 1933 1118 1969 Adiuncto
1146 1935 1212 1969 sibi
1240 1934 1341 1969 beato

251 1997 334 2030 quos
363 1987 455 2030 parit
484 1987 651 2021 ecelesia:
996 1987 1172 2030 cypriano
1200 1990 1353 2031 martyre

200 2039 367 2072 Tricenus
396 2043 430 2072 et
457 2048 649 2082 sexagenus
943 2038 1177 2082 Omnibusque
1205 2039 1346 2083 sanctis,
1374 2048 1517 2081 quorum

255 2101 330 2124 cum
360 2095 502 2124 centeno
529 2090 662 2135 pariter
997 2100 1203 2125 veneramur
1229 2091 1388 2135 lypsana,

201 2142 256 2175 Ex
286 2143 426 2176 caelesti
455 2146 700 2185 consurgentes
946 2142 994 2177 Ut
1020 2142 1218 2177 substernat
1247 2143 1278 2176 ei
1305 2142 1400 2176 Deus

253 2193 351 2227 verbi
379 2193 445 2228 Dei
474 2194 615 2230 semine.
996 2195 1153 2228 nationes
1181 2194 1361 2229 barbaras.

125 2277 159 2310 3.
201 2275 289 2309 Nam
319 2277 443 2310 chorus
470 2277 728 2320 coniugatorum
868 2279 902 2315 6.
945 2278 1086 2312 Necnon
1126 2282 1159 2312 et
1188 2278 1401 2313 Francorum
1430 2282 1545 2313 servet

256 2327 337 2361 hine
363 2328 499 2362 exsistit
525 2329 696 2374 mundior,
997 2330 1163 2373 benignus
1192 2331 1392 2373 exercitum,

204 2380 421 2422 Castitasque
448 2380 630 2414 viduarum
946 2382 1019 2423 Quo
1047 2382 1090 2414 sit
1121 2382 1151 2415 ei
1180 2380 1349 2415 fortitudo

257 2431 365 2464 multo
393 2430 432 2465 fit
461 2432 628 2475 devotior,
995 2443 1078 2466 sano
1107 2442 1182 2466 eum
1211 2433 1365 2469 consilio.

205 2483 251 2516 Et
280 2492 406 2516 corona
436 2483 612 2527 virginalis
945 2484 1063 2518 Nostri
1090 2494 1223 2527 quoque
1251 2494 1382 2518 memor
1409 2484 1481 2527 fiat,

255 2544 335 2568 suos
363 2535 496 2578 spargit
524 2536 653 2578 radios,
995 2545 1172 2569 servorum
1200 2535 1366 2580 fidelium,

204 2586 312 2627 Quam
337 2585 462 2629 Maria,
490 2586 555 2620 Dei
584 2591 705 2628 mater,
943 2587 991 2622 Ut
1019 2585 1185 2621 defendat
1211 2597 1273 2621 nos
1302 2592 1336 2621 et
1363 2592 1516 2622 nostram

259 2637 353 2671 clara
380 2638 503 2672 lustrat
532 2639 704 2681 lampade.
994 2642 1154 2681 potenter
1182 2637 1358 2681 familiam,
