1652 2872
143 2493 179 2528 9.

452 153 529 181 Pars
552 152 577 181 Ι.
622 153 740 190 Hymni
765 153 981 190 antiquissimi
1005 160 1086 180 saec.
1109 149 1246 179 V.—-XI.

336 305 385 344 Β.
427 305 534 344 Tres
562 305 765 354 „hymni“
792 305 1005 354 Anonymi
1032 304 1261 353 Augiensis
1272 303 1342 354 (Z).

440 398 514 430 210.
548 399 733 439 „Hymnus
757 400 799 431 (le
822 400 977 432 Domino
1002 394 1238 432 Salvatoress

161 521 168 528 .
210 495 385 529 Aeternus
413 494 508 528 orbis
537 495 708 539 conditor,

211 546 380 582 Christus.
409 551 556 589 parente
582 557 650 580 non
678 547 801 590 minor,

208 598 377 640 Originali
405 602 561 640 tempore

210 650 381 693 Dignatus
409 650 527 684 orbem
557 650 718 692 condere,

209 744 306 778 Hora
333 743 396 776 sub
425 743 490 776 hac
520 743 708 776 novissima

207 794 333 829 Mundi
362 795 485 837 petivit
513 793 630 828 infima

210 847 404 882 Promissus
433 850 513 880 ante
542 845 701 888 plurimis

211 898 428 940 Propheticis
456 897 618 940 oraculis,

210 992 256 1027 Ut
284 992 450 1034 providus
478 990 653 1032 Ezechiel,

208 1044 345 1078 Corona
372 1043 485 1086 plebis
516 1042 662 1083 Israhel,

209 1096 370 1131 Clausam
398 1095 533 1130 notavit
559 1095 696 1129 ianuam

209 1148 346 1182 Summo
375 1148 510 1181 tonanti
538 1147 703 1190 perviam.

207 1242 300 1285 Ergo
330 1245 489 1275 manente
519 1241 689 1276 viscerum

207 1294 346 1328 Pudore
375 1294 597 1338 virginalium

209 1344 338 1381 Divina
365 1345 482 1388 proles
512 1350 647 1379 terreae

209 1398 253 1433 Se
280 1398 420 1432 miscuit
447 1397 675 1432 substantiae.

212 1492 365 1526 Vacante
395 1491 587 1526 diversorio

209 1545 361 1579 Locatur
389 1544 423 1577 in
451 1544 657 1587 praesaepio

213 1596 369 1631 Caeleste
398 1595 570 1638 praebens
598 1595 761 1639 pabulum

207 1649 337 1683 Sancto
365 1649 460 1692 gregi
489 1647 655 1682 fidelium.

212 1742 319 1776 Vultu
347 1751 532 1776 coruscans
561 1743 702 1785 angelus

212 1796 313 1830 Hunc
343 1794 501 1837 prodidit
528 1795 748 1839 pastoribus,

214 1847 293 1880 Dux
322 1846 424 1880 stella
452 1847 596 1881 caelitus
623 1847 738 1890 Magis

212 1899 423 1933 Monstravit
451 1902 563 1933 ortum
591 1899 773 1944 principis.

213 1993 306 2026 Hinc
333 1993 520 2027 saevientis
548 1993 683 2027 irritum

212 2045 334 2079 Evasit
362 2045 470 2079 hostis
498 2046 676 2088 impetum,

214 2097 322 2130 Sedes
351 2097 484 2140 Canopi
512 2097 688 2141 proximas

214 2148 311 2192 Fuga
339 2149 470 2183 salubri
497 2149 663 2191 visitans;

218 2241 286 2276 Sed
314 2241 469 2285 parvulis
497 2241 691 2275 insontibus

216 2293 348 2328 Caedes
376 2296 501 2335 parata
529 2293 717 2327 comminus

212 2345 330 2380 Primo
359 2344 488 2378 dicavit
516 2344 662 2379 hostiam

216 2398 310 2431 Arae
337 2396 403 2431 Dei
432 2397 676 2439 gratissimam.

222 2491 296 2526 Nee
323 2491 417 2526 iussa
443 2491 529 2534 legis
556 2492 676 2526 abnuit

221 2543 379 2587 Servare,
409 2544 465 2587 qui
495 2544 604 2586 legem
634 2544 742 2588 dedit,

220 2595 311 2629 Dum
340 2595 405 2629 rite
434 2595 694 2630 circumciditur

221 2647 355 2690 Deique
382 2648 512 2691 templo
539 2647 684 2682 sistitur.

879 496 937 532 10.

879 743 938 778 11.

878 991 937 1027 12.

879 1242 938 1277 13.

878 1493 938 1527 14.

884 1744 941 1779 15.

883 1995 941 2029 16.

885 2242 943 2276 17.

888 2492 946 2528 18.

974 495 1035 529 *Ad
1068 498 1146 528 vota
1173 496 1252 536 post
1279 491 1461 526 sollemnia

980 547 1065 581 Cum
1094 546 1153 579 lux
1182 545 1313 579 rediret
1341 553 1464 588 annua,

980 599 1101 633 Comes
1129 607 1216 640 puer
1244 595 1448 640 parentibus

979 650 1107 684 Sacrae
1135 649 1228 684 subit
1253 649 1358 682 limen
1388 647 1521 681 domus.

983 742 1203 777 Doctissimis
1232 742 1288 775 hic
1316 740 1474 784 patribus

982 795 1064 829 Plus
1092 794 1167 838 ipse
1196 793 1318 828 doctus
1346 793 1487 827 additus

981 846 1059 880 Non
1088 856 1125 880 se
1154 845 1311 879 docendo
1339 843 1518 887 praetulit,

979 898 1047 931 Sed
1077 898 1249 931 audiendo
1278 896 1447 931 subdidit.

980 991 1166 1024 Lavandus
1194 994 1316 1024 auctor
1343 990 1474 1033 gratiae

980 1042 1104 1078 Undae
1133 1042 1210 1076 sinu
1237 1042 1442 1077 Iordanicae

981 1095 1081 1129 Omni
1111 1103 1232 1128 carens
1261 1094 1419 1137 contagio

982 1146 1180 1182 Submissus
1210 1150 1263 1180 est
1290 1149 1324 1180 et
1351 1147 1499 1181 servulo.

980 1242 1122 1275 Accitus
1152 1244 1186 1274 et
1213 1240 1380 1275 conviviis

981 1293 1059 1327 Non
1088 1295 1171 1327 nata
1194 1293 1275 1326 vina
1302 1293 1433 1336 nuptiis

982 1345 1049 1379 llla
1078 1344 1176 1379 dedit
1202 1345 1370 1388 potentia,

982 1395 1050 1432 Per
1075 1407 1177 1440 quam
1206 1398 1339 1431 creavit
1365 1398 1490 1434 omnia.

981 1494 1134 1536 Quantos
1162 1491 1312 1526 iubendo
1341 1491 1521 1535 languidos

980 1543 1146 1578 Effecerit
1174 1544 1385 1587 sanissimos,

983 1596 1057 1630 Nec
1084 1605 1180 1630 mens
1209 1600 1324 1639 potest
1351 1596 1520 1637 evolvere,

984 1648 1058 1682 Nec
1086 1658 1153 1682 vox
1182 1648 1275 1682 valet
1303 1648 1518 1691 depromere.

985 1743 1138 1784 Quantos
1166 1742 1209 1776 ab
1238 1743 1314 1786 ipso
1340 1741 1460 1776 funere

986 1795 1087 1829 Vitae
1114 1793 1264 1829 referret
1291 1795 1471 1838 pristinae,

987 1846 1180 1881 Praedatus
1209 1847 1328 1880 horret
1356 1850 1519 1888 tartarus,

987 1899 1127 1933 Ditatus
1156 1899 1308 1933 exsultat
1335 1899 1447 1942 poluS.

988 1993 1164 2036 Numquid
1175 1993 1373 2036 pedestrem
1387 1992 1559 2027 tramitem

985 2046 1104 2079 Pressi
1132 2046 1237 2079 maris
1266 2045 1499 2088 pronuntiem,

985 2098 1070 2132 Cum
1099 2107 1136 2131 se
1163 2097 1296 2131 tonanti
1323 2100 1495 2131 sterneret

984 2149 1141 2193 Fluctus,
1172 2148 1341 2192 flatusque
1369 2148 1535 2184 cederet?

987 2242 1108 2284 Quinis
1137 2242 1290 2276 virorum
1318 2241 1458 2275 milibus

987 2294 1042 2327 Ex
1071 2293 1220 2336 quinque
1249 2293 1378 2327 victum
1405 2292 1552 2337 panibus

989 2345 1080 2379 Satis
1108 2354 1280 2388 superque
1310 2344 1471 2388 praebuit

984 2397 1167 2441 Augendo‚
1196 2397 1288 2440 quod
1317 2395 1500 2439 superfuit.

987 2491 1043 2525 Ex
1070 2489 1173 2533 plebe
1200 2492 1397 2525 sanctorum
1424 2490 1536 2525 tribus

988 2541 1111 2576 Coram
1139 2542 1262 2576 locatis
1289 2542 1434 2576 testibus

990 2593 1034 2628 Se
1061 2592 1309 2636 transfigurans
1337 2594 1372 2628 in
1399 2604 1524 2630 novam

990 2646 1040 2682 Ut
1065 2645 1116 2680 sol
1145 2643 1282 2679 refulsit
1309 2646 1465 2689 gloriam.
