1652 2872
136 148 211 186 298
500 148 580 177 Pars
602 148 644 178 Π.
687 149 871 186 Hymnodia
893 144 1183 180 Hiberno-Celfica.

166 254 199 287 9.
242 252 291 286 Ut
317 261 385 285 non
413 251 567 294 iniquum
595 253 712 287 odium
883 255 941 290 13.
983 251 1222 295 Tranquillam
1232 253 1386 286 nostram
1395 251 1556 292 animam,

241 304 362 346 Neque
390 303 489 337 labor
514 304 667 339 invidiae
982 306 1138 340 Mentem
1166 312 1303 346 semper
1330 300 1526 345 pacificam,

242 356 315 389 Nec
342 355 413 389 ulla
443 355 492 389 vis
521 356 674 391 malitiae
984 358 1050 402 Tu,
1079 357 1137 400 qui
1166 365 1202 389 es
1230 365 1299 398 pax
1327 354 1518 398 verissima,

238 409 277 442 In
307 416 366 441 cor
393 410 547 440 nostrum
577 409 743 445 resideat.
985 408 1169 451 Conserva,
1199 407 1304 449 Deus,
1333 405 1492 451 petimus.

138 511 198 545 10.
240 509 287 543 Et
315 510 447 554 culpas,
476 521 561 554 quas
581 512 815 546 contraximus
881 513 940 547 14.
984 511 1054 546 Ubi
1082 511 1171 545 enim
1201 521 1269 554 pax
1299 509 1416 554 fuerit,

238 562 277 595 In
307 571 412 596 carne
439 563 496 596 siti
526 563 671 607 lubrica,
983 563 1035 597 Tu
1063 563 1138 606 ipse
1165 572 1299 606 quoque
1327 561 1455 602 aderis,

240 613 310 647 Pro
338 618 397 648 tuo
426 618 546 649 sancto
575 625 720 658 corpore
983 615 1042 660 Et,
1070 615 1131 648 ubi
1158 618 1196 649 tu
1223 624 1291 648 non
1321 613 1447 655 deeris,

237 665 487 701 Remissionem
514 667 640 702 tribue.
983 666 1159 709 Quidquid
1184 666 1233 700 ibi
1260 669 1372 700 tutum
1400 669 1464 701 est.

136 771 195 804 11.
237 770 286 804 Et
313 771 342 804 si
370 771 530 805 adstricti
558 770 652 804 vitiis
882 770 943 804 15.
984 770 1073 803 Veni
1101 779 1193 815 ergo,
1213 770 1373 815 Domine,

238 823 379 857 Peccati
407 832 523 856 sumus
552 821 682 867 famuli,
985 821 1032 855 Et
1058 821 1185 864 iugiter
1211 832 1274 856 nos
1301 821 1457 865 posside,

238 874 383 918 Sanguis
412 878 489 908 tuus
518 884 579 908 nos
609 873 757 908 redimat
988 873 1036 908 Ut
1064 874 1114 907 tui
1143 874 1254 908 sancti
1280 874 1423 917 spiritus

238 926 285 960 Et
313 936 392 960 51105
419 936 482 960 1105
510 925 706 961 constituat.
988 925 1164 959 Possimus
1192 926 1357 970 templum
1386 924 1473 961 fieri.

136 1031 194 1065 12.
237 1031 378 1066 Omnem
407 1030 531 1064 mentis
560 1029 728 1063 maculam
880 1028 940 1064 16.
980 1028 1101 1062 Gloria
1128 1028 1204 1075 tibi,
1234 1032 1345 1073 pater,

237 1083 431 1125 Omnesque
459 1082 580 1116 sordes
607 1081 753 1124 animae,
984 1081 1066 1116 Cum
1095 1084 1155 1114 tuo
1183 1081 1360 1124 unigenito

236 1135 384 1176 Christe,
407 1134 464 1176 qui
485 1134 577 1167 solus
596 1133 744 1167 mundus
764 1142 813 1176 05,
983 1132 1061 1167 Una
1089 1142 1164 1167 cum
1193 1137 1311 1167 sancto
1340 1133 1467 1176 spiritu

236 1186 410 1229 Absterge
439 1190 498 1220 tua
526 1186 648 1229 gratia.
983 1183 1024 1220 In
1053 1185 1266 1228 sempiterna
1291 1185 1443 1222 saecula.

214 1289 358 1318 Oration.
388 1298 445 1317 ms.
476 1288 506 1318 S.
538 1289 660 1317 Mariae
689 1288 924 1316 wintoniensis
956 1285 1563 1318 5300819.Οοᾱ.Ι1011ᾱ111εεη.Η311.

133 1329 222 1360 2965.
247 1331 284 1359 A.
309 1346 344 1350 -—
370 1331 512 1359 Oration.
538 1340 594 1359 1115.
618 1329 829 1358 Aethelwoldi
853 1329 961 1367 Episc
976 1329 1226 1369 (Etocetensis?)
1247 1339 1329 1359 saec.
1353 1328 1381 1360 9.
1406 1332 1448 1360 in.
1487 1330 1563 1359 Cod.

131 1372 369 1411 Cantabrigien.
394 1372 432 1401 Ll
457 1368 471 1399 I
498 1369 544 1400 10.
566 1370 657 1405 (Pars
681 1371 731 1403 ΙΙ)
756 1371 791 1400 Β.
818 1386 854 1390 -
879 1371 940 1400 Die
963 1374 1046 1400 erste
1069 1364 1270 1400 Uberschrift
1293 1373 1336 1400 ist
1359 1380 1416 1400 aus
1439 1373 1481 1409 B·
1509 1372 1564 1401 der

132 1414 240 1443 Inhalt
263 1414 460 1452 rechtfertigt
482 1413 533 1442 die
557 1414 676 1442 zweite.
693 1429 732 1434 *—
758 1412 783 1448 1,
810 1411 825 1441 1
843 1412 936 1441 Fehlt
958 1414 1028 1483 eilne
1045 1412 1142 1448 silbe,
1166 1413 1218 1441 die
1234 1413 1333 1442 durch
1351 1413 1396 1451 „O
1412 1412 1561 1443 Domini‘

132 1457 261 1495 ergfinzt
283 1455 408 1484 werden
430 1455 566 1485 kbnnte:
600 1464 672 1484 man
694 1455 757 1492 ig]
776 1454 891 1492 jedoch
915 1454 949 1491 4,
1008 1453 1138 1491 4,3,
1172 1453 1229 1491 12,
1254 1454 1285 1492 1;
1312 1436 1424 1493 14Ἰ4,
1451 1453 1564 1491 15,1;

135 1496 293 1533 16,1.—
317 1496 346 1532 4,
369 1495 389 1525 2
412 1496 492 1526 Caro
516 1500 570 1525 tuo
594 1495 645 1527 Β1
669 1512 708 1517 -—
733 1496 761 1531 6,
784 1453 1036 1535 3ParticepslA.
1064 1513 1101 1516 m
1124 1495 1152 1533 7,
1175 1494 1194 1524 3
1220 1497 1406 1535 implereA
1428 1513 1467 1517 —
1489 1496 1558 1534 8,1

132 1541 165 1568 111
195 1538 274 1568 fehlt
296 1539 339 1575 A,
369 1548 444 1567 man
471 1539 535 1577 vgl.
569 1540 704 1575 ,caritas
727 1539 789 1567 Dei
820 1537 936 1568 diffusa
966 1542 1014 1568 est
1042 1539 1076 1566 in
1106 1538 1254 1568 cordibus
1277 1538 1414 1568 nostris“
1439 1539 1490 1578 Ep
1470 1550 1500 1578 p.
1523 1539 1563 1568 ad

132 1582 222 1610 Rom.
247 1579 282 1616 5,
311 1579 339 1609 5.
364 1595 403 1600 —-
426 1578 453 1617 S,
478 1578 497 1609 3
520 1580 565 1609 Ut
588 1583 676 1609 tuum
699 1581 734 1609 Β.
761 1596 798 1599 -—
820 1577 849 1614 8,
873 1579 893 1608 4
915 1590 1005 1610 amor
1027 1589 1120 1618 agere
1142 1578 1194 1615 A¹,
1219 1581 1328 1618 uigere
1351 1578 1403 1610 ΑΞ.
1428 1597 1467 1601 -
1491 1579 1518 1617 9,
1541 1578 1560 1609 3

132 1623 241 1660 Neque
265 1603 301 1653 A.
334 1639 373 1643 —
403 1620 436 1657 9,
463 1620 483 1651 4
512 1621 655 1651 resedeat
678 1622 714 1651 A.
739 1637 778 1641 —-—
803 1619 856 1657 10,
884 1620 904 1650 4
932 1623 1136 1651 remisionem
1159 1620 1212 1651 Al.
1235 1638 1273 1642 -
1300 1621 1355 1658 11,
1387 1621 1401 1651 1
1425 1623 1563 1652 districti

132 1665 167 1693 B.
197 1679 237 1684 -—
268 1663 324 1700 11,
354 1661 373 1692 3
402 1664 544 1693 redemat
574 1662 654 1692 A131.
684 1679 723 1683 ψ
748 1662 802 1698 13,
837 1662 1098 1702 1Tranquillum
1128 1667 1272 1693 nostrum
1300 1665 1440 1693 animum
1462 1665 1500 1693 B.
1523 1680 1562 1684 -—

135 1705 188 1741 14,
217 1703 236 1734 3
267 1716 331 1735 non
354 1705 432 1734 fehlt
454 1706 496 1741 A;
528 1705 566 1734 (10
589 1706 651 1734 0115
675 1705 739 1734 AB.
763 1720 803 1725 —-
827 1703 881 1741 14,
911 1704 932 1734 4
956 1706 1003 1734 ibi
1026 1709 1114 1734 tuum
1138 1706 1174 1734 A.
1197 1721 1238 1725 —
1262 1703 1317 1742 15,
1347 1704 1368 1734 4
1391 1707 1564 1736 Possumus

131 1748 195 1776 AB.
214 1763 253 1766 —
268 1747 434 1776 Zwischen
459 1745 504 1780 16,
528 1745 548 1776 2
569 1757 599 1776 u.
623 1745 641 1776 3
665 1746 917 1786 eingeschoben:
944 1746 1041 1785 „Cum
1065 1757 1127 1785 quo
1150 1749 1250 1777 vitan]
1268 1747 1404 1785 largitus
1420 1746 1472 1778 es“
1490 1749 1561 1785 ΑΒ,

132 1789 183 1818 bei
206 1789 275 1818 dem
299 1791 331 1818 in
349 1790 378 1817 A
402 1789 609 1818 unmittelbar
633 1788 802 1827 folgenden
817 1789 965 1826 Hymnus
982 1790 1025 1818 ist
1040 1789 1091 1818 die
1107 1789 1367 1827 gleichlautende
1382 1790 1562 1830 Doxologie

133 1831 214 1860 ohne
248 1831 352 1860 dieses
380 1830 614 1860 Einsehiebsel.
649 1845 687 1849 —-
717 1831 777 1859 Die
808 1831 988 1870 Doxologie
1023 1831 1065 1860 ist
1097 1832 1131 1860 in
1160 1831 1187 1859 A
1218 1841 1247 1860 11.
1278 1832 1321 1866 Β,
1355 1835 1434 1861 statt
1462 1831 1561 1861 durch

135 1871 288 1909 .,“,Amen
320 1872 418 1902 durch
446 1873 517 1901 eine
547 1872 675 1910 langere
699 1872 825 1901 Foimel
856 1872 1125 1911 abgesehlossen:
1156 1873 1217 1902 Per
1239 1875 1376 1911 gratiam
1399 1874 1561 1913 largitoris

131 1896 203 1943 iesu
227 1913 345 1944 Christi
370 1915 500 1943 Domini
523 1915 633 1943 nostri.
661 1929 696 1933 —
718 1914 791 1952 Vgl.
822 1911 872 1944 W.
896 1912 933 1943 (Ie
956 1912 1050 1953 (ἔνθα
1065 1912 1179 1950 Bivch,
1202 1916 1251 1944 An
1274 1915 1412 1945 Ancient
1427 1916 1559 1945 Manus-

133 1958 230 1994 cript,
255 1966 284 1994 p.
307 1954 345 1986 81
367 1955 437 1991 (aus
453 1956 492 1991 A)
513 1956 577 1984 und
594 1953 760 1994 Kuyper&
783 1955 849 1984 The
866 1956 957 1985 Book
980 1957 1015 1985 of
1027 1955 1136 1991 Cerne,
1163 1954 1220 1986 172
1241 1956 1311 1991 (aus
1332 1955 1377 1994 Β).
1401 1973 1440 1976 -
1458 1957 1561 1986 Wenn

131 1998 234 2027 dieses
265 1997 401 2027 Gedicht
428 1996 576 2026 wirklich
603 1997 740 2026 ilischen
763 1997 948 2036 Urspruugs
977 1999 1036 2035 ist,
1066 1998 1178 2036 gehort
1207 2007 1258 2034 es,
1289 1998 1362 2028 weil
1393 1999 1448 2028 der
1470 1997 1562 2028 Reim

132 2040 212 2069 noch
236 2039 322 2076 fehlt,
346 2049 385 2068 zu
409 2039 469 2069 den
491 2039 636 2068 filtesten.

503 2141 577 2174 228.
612 2141 771 2182 Hymnus
793 2142 840 2174 ad
863 2142 1178 2176 communionem.

161 2231 195 2264 1.
238 2228 366 2267 Sancti,
397 2228 520 2269 venite,
905 2231 939 2264 3.
982 2229 1058 2263 Hoc
1085 2233 1301 2264 sacramento

288 2279 421 2313 Christi
451 2288 576 2322 corpus
603 2280 727 2313 sumite
915 2316 918 2319 Δ
1033 2281 1189 2324 corporis
1218 2285 1251 2315 et
1277 2281 1454 2324 sanguinis

236 2331 399 2366 Sanctum
427 2330 598 2375 bibentes,
980 2333 1106 2367 Omnes
1134 2333 1228 2367 exuti

287 2393 354 2426 quo
382 2382 566 2425 redempti,
597 2384 810 2428 sanguinem,
1031 2384 1074 2418 ab
1103 2383 1230 2418 inferni
1259 2383 1427 2419 faucibus.

163 2489 197 2522 2.
241 2486 374 2522 salvati
403 2485 530 2520 Christi
904 2490 938 2523 4.
980 2486 1092 2522 Dator
1119 2486 1251 2531 salutis,

290 2547 434 2580 corpore
459 2541 492 2571 et
520 2539 695 2581 sanguine,
1032 2538 1203 2579 Christus,
1233 2537 1325 2572 filius
1354 2539 1431 2584 Dei,

236 2591 267 2624 A
296 2599 363 2632 quo
391 2588 513 2623 refecti
979 2590 1150 2625 Mundum
1178 2589 1326 2624 salvavit

291 2641 412 2676 laudes
441 2641 594 2675 dicamus
622 2641 707 2684 Deo,
1031 2650 1095 2684 per
1122 2650 1258 2678 crucem
1282 2645 1316 2675 et
1335 2643 1555 2687 sanguinem
