1652 2872
160 131 234 169 336

188 238 220 273 7.

159 1306 219 1341 10.

159 1658 219 1693 11.

162 2366 220 2400 13.

529 132 608 160 Pars
632 130 664 161 II
718 133 901 171 Hymnodia
924 133 1215 163 Hiberno—Celtica.

264 234 464 272 Gloriosum
494 235 695 270 miraculum

265 287 487 329 Divulgatum
516 297 578 329 per
606 289 789 331 populum:

264 340 378 374 Unum
407 339 535 372 occidit
564 339 706 373 vitulum

265 391 382 425 Servis
412 390 476 424 Dei
505 391 712 435 convivium,

263 442 362 475 Fecit
390 442 585 476 Monennae
613 443 772 479 meritum

262 494 386 528 Vivum
414 493 536 528 haberi
563 495 700 532 iterum.

262 592 418 628 Humilis
445 597 521 627 erat
548 594 673 639 animo,

264 645 417 680 Excelsa
445 649 559 679 tamen
588 646 725 687 merito,

263 698 406 732 Terram
435 697 557 731 arabat
583 698 718 731 sarculo

262 749 495 784 Eremitarum
523 749 651 789 studio,

262 801 380 835 Virum
410 811 532 844 gerens
562 802 739 843 proposito

263 854 303 888 In
332 863 477 896 corpore
506 851 665 887 femineo.

264 951 391 987 Ieiunii
419 952 453 985 in
483 951 607 994 rigore,

265 1005 304 1038 In
333 1004 488 1037 caritatis
516 1003 654 1044 ardore,

262 1057 302 1090 In
328 1056 420 1089 omni
448 1055 537 1089 bono
565 1055 685 1088 labore

263 1109 413 1150 Propter
440 1107 625 1141 Dominum
654 1117 813 1151 propere,

264 1160 322 1194 Sic
349 1159 434 1193 vixit
463 1159 557 1192 omni
585 1163 741 1202 tempore

264 1211 437 1246 Crucifixo
465 1212 531 1245 iam
563 1221 718 1254 corpore.

263 1304 387 1347 Kasta,
418 1304 530 1338 electa
559 1305 728 1347 columba,

261 1356 436 1402 Perfecta,
465 1357 567 1390 matri
596 1357 704 1398 unita,

260 1409 391 1443 Turtur
418 1412 493 1442 erat
521 1410 715 1442 castissima

262 1462 355 1495 Voce
382 1464 527 1494 sonante
556 1461 705 1504 cognita,

260 1513 350 1546 Vitis
380 1523 472 1553 vera,
503 1511 675 1556 florigera,

261 1565 401 1600 Christo
430 1565 578 1598 Domino
607 1565 786 1608 condigna.

262 1658 425 1693 Lucerna
452 1662 528 1692 erat
554 1658 672 1692 lucida

261 1712 303 1745 In
332 1711 462 1754 templo
489 1710 554 1744 Dei
583 1711 708 1755 posita,

262 1763 368 1806 Virga
396 1763 490 1797 Iesse
517 1761 654 1806 florida,

264 1815 423 1860 Pulchra,
456 1813 556 1849 fortis
585 1818 616 1848 et
645 1815 758 1857 unica,

260 1867 454 1910 Margarita
483 1867 728 1911 pulcherrima,

261 1919 401 1964 Ornata,
433 1919 505 1962 regi
533 1918 674 1961 placita.

262 2012 425 2056 Magnam
455 2013 579 2046 struxit
610 2013 791 2047 ecclesiam

262 2065 302 2098 In
331 2064 480 2098 desertis
509 2064 693 2109 egregiam,

261 2118 302 2150 In
330 2126 397 2158 qua
425 2116 553 2150 virtute
581 2117 732 2150 maxima

261 2168 361 2201 Fecit
388 2167 492 2201 laude
521 2168 744 2214 dignissima,

261 2218 470 2253 Defunctam
498 2229 601 2254 unam
629 2219 737 2254 filiam

262 2271 449 2305 Suscitavit
479 2275 682 2306 emortuam.

263 2363 420 2399 Narrant
447 2363 529 2397 item
559 2364 601 2397 de
629 2365 769 2398 vasculo

266 2415 395 2450 Mirum
425 2415 520 2449 dictu
548 2420 722 2459 argenteo,

263 2469 391 2510 Magno
419 2467 571 2501 immisso
599 2466 702 2502 fluvio

264 2520 382 2562 Longo
412 2522 581 2552 terrarum
611 2521 746 2563 spatio,

264 2572 458 2606 Monennae
486 2575 570 2604 nutu
599 2581 750 2614 superno

266 2622 518 2657 Transmissum
557 2626 609 2656 est
636 2633 656 2657 a
684 2624 841 2658 Domino.

894 239 967 274 14.

910 597 969 630 15.

910 953 967 987 16.

911 1306 967 1341 17.

908 1659 968 1695 18.

908 2015 964 2048 19.

1011 235 1040 272 0
1069 236 1200 271 Christi
1227 239 1381 271 sanctam
1411 236 1589 280 virginem,

1010 288 1144 323 Mariae
1173 287 1415 321 imitatricem!

1011 341 1038 375 Ο
1069 349 1170 374 verae
1199 339 1279 372 vitis
1307 339 1497 383 palmitem,

1012 392 1096 426 Cum
1135 390 1227 424 omni
1266 389 1382 424 fructu
1408 390 1587 424 arborem!

1011 445 1038 479 Ο
1078 443 1169 487 regis
1206 452 1369 487 sponsam
1396 441 1589 484 sublimem,

1011 496 1085 530 Deo
1113 504 1250 538 semper
1277 490 1482 529 amabilem!

1012 593 1298 629 Patriarcharum
1328 591 1462 626 sinibus

1013 646 1095 681 Cum
1126 646 1246 679 electis
1273 644 1477 688 virginibus,

1009 698 1260 740 Apostolorum
1290 696 1444 730 coetibus

1011 749 1101 783 Solis
1130 749 1205 782 luce
1235 747 1464 793 fulgentibus,

1012 800 1207 835 Sublimata
1236 800 1426 834 honoribus

1011 851 1215 886 Sanctorum
1245 852 1298 886 his
1329 852 1512 887 similibus

1013 950 1183 998 Quantum
1215 960 1350 984 crucem
1379 951 1554 993 sustinuit,

1013 1003 1161 1037 Tantum
1199 1003 1304 1037 corde
1341 1002 1592 1048 congaudebit,

1013 1056 1185 1097 Quantum
1215 1055 1363 1088 Domino
1390 1055 1534 1098 placuit,

1013 1107 1161 1141 Tantum
1190 1107 1288 1150 signa
1317 1107 1528 1152 promeruit3

1011 1160 1181 1201 Quantum
1211 1159 1285 1193 Deo
1314 1158 1501 1200 oboedivit,

1012 1211 1160 1245 Tantum
1190 1211 1380 1255 praemium
1410 1211 1555 1253 accepit.

1011 1304 1134 1348 Regno
1164 1305 1339 1338 caelorum
1370 1303 1508 1347 fruitur,

1010 1357 1094 1390 Viro
1123 1357 1189 1391 Dei
1217 1356 1383 1391 reficitur.

1011 1409 1160 1444 Coelesti
1189 1419 1315 1443 manna
1343 1409 1459 1452 alitur,

1010 1463 1050 1495 In
1077 1461 1243 1505 paradiso
1274 1460 1439 1505 pascitur,

1011 1511 1052 1548 In
1081 1523 1148 1556 quo
1176 1524 1197 1546 a
1224 1513 1354 1546 sanctis
1383 1513 1520 1546 canitur

1008 1567 1166 1610 Carmen,
1176 1565 1269 1608 quod
1277 1575 1451 1608 nunquam
1462 1564 1589 1598 finitur.

1009 1657 1108 1694 Stola
1136 1658 1259 1693 induta
1285 1658 1428 1701 gloriae,

1011 1711 1081 1754 Spe
1109 1721 1232 1744 secura
1261 1710 1427 1744 victoriae

1012 1764 1184 1806 Sponsum
1213 1762 1368 1806 sequitur
1395 1763 1522 1805 ubique

1011 1817 1051 1850 In
1081 1815 1167 1849 caeli
1195 1815 1390 1859 latitudine,

1013 1867 1214 1901 Electorum
1242 1867 1277 1901 in
1306 1867 1429 1901 ordine

1011 1918 1177 1964 Refulget
1202 1919 1285 1954 solis
1313 1918 1512 1962 splendore.

1009 2012 1203 2047 Transacta
1232 2016 1332 2046 nocte
1359 2012 1485 2052 media,

1011 2066 1105 2099 Voce
1133 2065 1304 2099 clamante
1332 2074 1498 2108 superna,

1011 2118 1095 2152 Cum
1124 2116 1287 2160 lampade
1314 2116 1518 2159 praelucida

1013 2170 1146 2212 Sponso
1175 2169 1327 2203 occurrit
1354 2168 1467 2209 obvia,

1013 2221 1185 2265 Prudens,
1215 2220 1340 2254 edocta
1367 2220 1452 2264 filia,

1012 2272 1138 2316 Sponsi
1167 2273 1293 2306 transit
1320 2273 1365 2306 ad
1393 2271 1534 2317 gaudia.

1013 2365 1147 2402 Urbem
1175 2365 1319 2399 int-ravit
1345 2375 1541 2408 supernam,

1013 2418 1203 2452 Caelestem
1231 2416 1491 2461 lerosolymam,

1014 2469 1145 2504 Sortita
1174 2471 1302 2502 vestem
1332 2468 1515 2503 candidam

1014 2521 1052 2554 In
1077 2520 1216 2554 modum
1243 2519 1326 2553 solis
1356 2519 1588 2563 splendidam,

1013 2572 1095 2605 Post
1122 2569 1311 2613 perfectam
1341 2572 1521 2606 victoriam

1011 2623 1127 2656 Habet
1154 2622 1291 2656 laudem
1320 2626 1354 2656 et
1381 2623 1537 2665 gloriam.
