1652 2872
554 144 730 186 Appendix.
753 158 792 162 -—
816 142 852 171 C.
887 140 1152 179 Epilegomenon.
1494 139 1569 176 255

392 256 426 290 2.
468 252 556 287 Inde
582 251 707 284 conatu
733 245 935 280 studeamus
963 245 1057 280 omni

468 305 619 346 Tempus
645 301 826 341 acceptum
854 296 1004 331 Domino
1030 297 1134 330 litare

468 356 542 389 Hos
571 353 644 388 dies
672 350 816 393 triginta
844 357 1015 391 superque
1043 357 1144 382 senos

591 404 672 439 Rite
699 401 856 437 colendo.

392 513 426 548 3,
472 510 651 544 Hactenus
680 504 844 550 quicquid
873 504 1015 538 sceleris
1043 503 1168 538 malive

468 560 657 602 Gessimus‚
690 556 823 591 crebris
850 556 1013 598 precibus
1041 559 1226 601 gementes,

467 611 580 647 Corde
608 610 757 644 contrito
785 609 938 643 lacrimis
967 608 1070 651 rigati

592 662 845 698 Paeniteamus.

389 770 432 804 4.
476 767 574 803 Finis
602 767 770 800 incertam
800 764 988 808 cogitemus
1018 763 1150 808 horam,

470 819 529 854 Sic
556 823 669 853 tamen
700 821 831 852 certam
859 817 954 850 velut
982 816 1228 858 imminentem,

470 871 615 915 Semper
639 874 677 905 ut
704 871 810 904 simus
839 869 960 913 vigiles
989 869 1101 912 parati

590 922 757 958 Omnibus
785 921 893 958 horis,

389 1031 423 1064 5.
466 1029 641 1071 Pauperes
671 1036 753 1061 cura
780 1024 957 1060 foveamus
983 1025 1088 1065 omni,

466 1080 604 1115 Stemus
632 1079 797 1113 ardentes
825 1077 860 1112 in
889 1086 1006 1112 amore
1034 1086 1128 1121 vero,

466 1133 507 1167 In
536 1131 614 1166 cibo
642 1134 794 1174 potuque
821 1130 975 1173 iocisque
1002 1131 1137 1163 nosmet

594 1183 852 1218 ContineamuS.

387 1279 423 1313 6.
465 1277 513 1312 Et
540 1277 622 1311 boni
650 1276 816 1320 quicquid
844 1276 1019 1310 valeamus
1047 1275 1172 1317 adhuc,

465 1329 555 1363 Dum
585 1329 659 1364 dies
689 1331 723 1362 et
752 1331 886 1371 tempus
914 1327 1015 1362 adest
1043 1328 1176 1373 salutis,

466 1381 609 1416 Viribus
637 1381 720 1416 totis
752 1379 896 1414 stabiles
925 1379 1047 1413 diebus

591 1433 656 1468 His
684 1442 890 1477 operemur;

395 1528 427 1563 7.
470 1526 519 1563 Ut
547 1529 770 1561 sacrosancto
799 1525 959 1560 veniente
987 1525 1119 1569 pascha

464 1579 567 1613 Vitiis
597 1578 730 1613 cunctis
757 1578 896 1621 penitus
925 1577 1029 1611 soluti

464 1631 612 1674 Dignius
637 1640 776 1665 mensae
804 1639 999 1664 mereamur
1026 1631 1105 1673 agni

590 1683 825 1726 Adpropiare.

388 1778 422 1812 8.
464 1777 512 1811 Et
541 1777 614 1810 dies
642 1777 727 1810 istos
755 1776 804 1810 ita
833 1776 1074 1819 transigamus,

466 1829 577 1862 Huius
607 1832 644 1862 ut
671 1827 764 1862 vitae
791 1827 906 1863 stadio
934 1832 1080 1871 peracto

464 1880 537 1914 Nos
564 1880 658 1915 Deus
687 1890 801 1915 secum
827 1880 945 1923 requie
972 1880 1076 1915 beata

594 1932 749 1967 collocet
777 1942 906 1967 omnes,

389 2028 424 2062 9.
469 2026 627 2060 Praestet
658 2025 723 2060 hoc
748 2026 848 2060 nobis
876 2026 1012 2069 genitor
1038 2036 1230 2069 supremus,

468 2079 628 2113 Praestet
655 2083 688 2112 et
717 2081 829 2123 natus,
859 2079 1060 2126 pariterque
1088 2082 1228 2112 sanctus

468 2130 634 2175 Spiritus,
664 2131 719 2165 cui
746 2131 822 2166 laus
851 2131 960 2165 honor
988 2134 1024 2165 et
1049 2134 1204 2174 potestas

594 2183 703 2218 Omne
730 2193 795 2226 per
821 2192 954 2219 aevum.

221 2285 395 2324 Antiphon.
417 2295 474 2314 ms.
493 2285 704 2324 Sangallense
727 2295 809 2315 saec.
836 2284 883 2315 ll.
921 2285 998 2314 Cod.
1015 2286 1200 2324 Sangallen.
1222 2283 1293 2315 414.
1310 2303 1347 2306 -
1373 2283 1401 2319 7,
1424 2282 1443 2313 2
1461 2284 1575 2314 viciis.

138 2343 176 2346 —-
207 2325 241 2362 7,
271 2325 291 2356 4
313 2327 544 2366 Approphiare.
568 2343 607 2347 —-
631 2328 669 2357 In
692 2327 754 2356 Str.
778 2325 815 2364 2,
847 2325 866 2356 3
889 2328 932 2356 ist
952 2326 1004 2356 die
1027 2327 1251 2366 Bezeiehnung
1274 2328 1329 2356 der
1350 2324 1392 2356 36
1413 2327 1575 2365 Fasttage,

139 2368 190 2397 die
223 2368 292 2398 also
324 2369 408 2398 wohl
442 2372 507 2398 erst
536 2378 610 2398 vom
641 2369 804 2408 Sonntage
832 2369 1105 2407 quadragesimae
1133 2379 1175 2398 an
1202 2368 1373 2408 gereehnet
1403 2367 1488 2403 sind,
1522 2368 1575 2397 be-

139 2409 360 2440 aehtenswert.
384 2426 422 2431 -—
447 2411 512 2440 Auf
533 2410 643 2440 diesen
666 2411 900 2440 interessanten
921 2411 1194 2448 Fastenhymnus,
1218 2410 1279 2440 den
1302 2411 1351 2440 ich
1374 2419 1455 2449 ganz
1482 2410 1574 2439 iiber-

140 2451 236 2482 sehen
267 2451 372 2487 hatte,
405 2451 529 2482 machte
558 2452 643 2482 mich
675 2452 895 2490 nachtr'aglich
922 2448 999 2481 Rev.
1032 2450 1072 2480 A.
1102 2449 1134 2481 S.
1170 2449 1322 2490 Walpole
1352 2451 1574 2481 aufmerksam.

140 2493 192 2522 Da
226 2502 260 2522 er
293 2494 336 2522 im
371 2493 585 2533 eigentlichen
615 2494 738 2532 Corpus
772 2493 861 2522 nicht
893 2492 982 2522 mehr
1013 2494 1259 2532 untergebracht
1288 2494 1413 2523 werden
1445 2493 1574 2528 konnte,

141 2534 224 2563 muss
248 2544 282 2563 er
303 2534 375 2564 hier
398 2535 445 2564 als
469 2536 626 2565 Naehlese
650 2537 701 2564 ein
724 2534 896 2564 Platzchen
919 2533 1034 2564 finden.

224 2575 429 2606 Schliesslich
452 2578 497 2606 sei
521 2577 591 2606 hier
613 2577 665 2606 ein
687 2576 824 2607 Gedicht
848 2576 1104 2614 untergebracht,
1133 2577 1191 2606 auf
1209 2578 1344 2607 welches
1368 2578 1420 2606 ein
1442 2576 1573 2605 Aufsatz

140 2617 194 2647 des
225 2614 288 2646 Dr.
312 2615 403 2647 Paul
432 2616 538 2647 Maas
568 2620 603 2647 in
633 2618 688 2648 der
718 2617 987 2654 Byzantinisehen
1013 2618 1338 2656 Zeitschrist(XV11‚
1369 2616 1441 2653 239)
1470 2618 1574 2647 meine

142 2658 438 2690 Aufmerksamkeit
459 2661 492 2689 in
515 2659 626 2690 letzter
649 2659 769 2690 Stunde
792 2658 971 2689 hjnlenkte:
