1652 2872
312 145 353 174 ΙΙ.
385 146 434 175 De
457 145 591 175 Sanctis.
614 160 654 164 -—
675 144 710 172 B.
734 143 856 180 Hymni
878 141 916 170 de
941 143 1066 172 Sanctis
1091 144 1224 181 Proprii.
1270 142 1294 172 Ῑ.
1328 145 1376 173 De
1400 145 1508 174 Beata.
1563 145 1634 181 143

463 251 498 284 5.
541 248 638 282 Haec
665 249 761 279 casta
790 245 918 288 degens
947 249 1088 288 pectore
1116 248 1243 293 puella,

539 300 647 342 Quam
675 297 726 330 sic
750 296 927 339 ingressus
955 298 1097 340 angelus
1127 299 1276 333 salutat:

544 351 654 395 „Ave‚
683 347 809 393 Maria,
840 348 952 391 gratia
980 349 1096 394 plena,

711 399 879 433 Dominus
908 399 1061 436 tecum“.

462 526 496 560 6.
538 524 703 559 Festinus
733 523 858 557 dehine
886 524 1027 558 nuntius
1055 525 1239 560 adiunxit:

547 576 678 622 „Beata
708 575 776 609 eris
805 576 896 610 inter
924 577 1098 620 mulieres,

542 629 589 662 Et
617 627 823 663 benedictus
853 627 986 662 fructus
1015 629 1147 663 ventris
1176 629 1240 672 tui,

709 680 803 723 Quae
833 680 1028 716 credidisti.

462 806 494 840 7.
540 804 705 839 Gaudens
734 805 768 838 in
800 804 916 848 verbo,
947 805 1009 839 sed
1038 804 1178 840 turbata
1206 806 1303 849 virgo

538 857 714 900 Cogitans,
747 866 808 890 eur
836 857 878 891 sit
908 857 957 892 ita
985 858 1147 899 salutata,

539 909 720 952 Quomodo
748 909 858 952 possit
886 908 972 955 fieri,
1003 920 1090 953 quae
1120 910 1209 944 dixit

709 961 863 1004 Angelus
892 962 970 999 Dei.

465 1088 499 1123 8.
543 1088 653 1130 Quam
683 1086 868 1120 adsecutus
898 1086 1041 1121 Gabriel
1069 1085 1231 1120 adfatur:

546 1139 648 1183 „Noli
678 1138 815 1183 timere,
845 1139 958 1181 gratia
986 1139 1141 1183 repleta3

542 1190 702 1225 Numinis
731 1190 794 1224 alti
820 1189 929 1224 filium
957 1191 1109 1234 gestabis

712 1242 843 1276 Ventre
872 1241 1011 1278 beat0.“

463 1369 497 1403 9.
541 1368 706 1410 Inquiens
734 1368 832 1410 virgo
861 1367 1017 1401 nuntium
1047 1368 1239 1410 perquirit:

543 1420 669 1464 „Unde
698 1419 763 1452 hoc
791 1418 902 1452 mihi?
960 1420 1081 1453 Virum
1110 1429 1177 1453 non
1207 1420 1363 1463 cognovi.

540 1471 720 1514 Quomodo
749 1471 859 1514 possit
888 1470 974 1513 fieri,
1005 1481 1093 1514 quae
1123 1471 1222 1517 diciS‚

709 1523 812 1558 Unde
840 1523 905 1557 hoc
933 1523 1038 1558 sciam
1050 1522 1088 1557 ’.Ν

443 1651 504 1686 10.
549 1650 613 1684 Cui
642 1652 785 1692 repente
815 1650 956 1692 angelus
985 1649 1187 1692 respondit:

545 1702 718 1746 „Spiritus
747 1705 886 1736 sanctus
914 1711 1019 1744 super
1047 1705 1081 1735 te
1110 1701 1313 1743 descendit3

541 1754 639 1798 Ideo,
669 1757 826 1787 sanctum
855 1754 946 1796 quod
976 1754 1055 1798 erit,
1086 1757 1230 1789 vocatur

710 1806 822 1841 Filius
850 1803 953 1840 Dei.“

439 1932 500 1967 11.
542 1931 626 1966 Mox
656 1939 757 1964 sacra
784 1930 881 1972 virgo
910 1931 1032 1974 angelo
1061 1930 1264 1973 respondit:

545 1983 670 2027 „Ecce,
701 1982 829 2016 ancilla
856 1982 996 2016 Domini
1026 1992 1101 2016 sum
1130 1992 1215 2026 eg03

545 2035 731 2077 Contingat
758 2035 840 2068 mihi
870 2034 967 2068 iuxta
996 2035 1138 2069 verbum
1167 2038 1277 2076 tuum,

711 2086 808 2121 Sicut
836 2085 990 2122 dixisti.“

440 2210 500 2244 12.
544 2208 667 2244 Statim
699 2207 860 2242 discessit
887 2208 1030 2251 angelus
1059 2207 1102 2242 ab
1133 2217 1193 2252 ea3

539 2260 646 2303 Virgo
674 2257 842 2294 festinans
870 2259 958 2293 abiit
986 2263 1160 2302 montana,

540 2312 687 2346 Domum
716 2311 873 2355 ingressa
900 2311 1093 2345 Zachariae
1122 2311 1210 2346 vatis

713 2363 795 2397 Cum
825 2363 984 2397 caritate.

444 2484 504 2518 13.
548 2482 669 2517 Gloria
696 2491 828 2515 summo
857 2479 1049 2514 referamus
1079 2480 1182 2523 patri,

543 2534 604 2569 Cui
635 2533 829 2576 congaudet
857 2531 949 2565 filius
979 2531 1126 2565 dilectus

544 2585 692 2619 Sanctus
720 2584 889 2626 simulque
918 2583 1062 2625 spiritus
1091 2587 1226 2617 creator

713 2637 755 2670 In
783 2635 1045 2677 sempiternum.
