1652 2872
559 159 595 188 Β.
628 159 753 196 Hymni
776 158 816 187 de
837 158 991 195 Tempore
1013 158 1150 196 Proprii.
1506 159 1577 196 103

158 264 193 297 3.
234 264 403 297 Assumus
432 265 466 295 et
493 271 555 295 nos
583 261 701 295 cernui
900 263 934 297 4.
978 263 1092 297 Unum
1121 267 1155 296 te
1182 263 1297 297 lumen
1326 263 1509 307 credimus,

233 314 282 347 Te
309 314 495 347 adorantes
523 311 664 354 famuli3
977 314 1075 354 Quod
1104 320 1138 347 et
1165 320 1219 348 ter
1246 315 1339 349 idem
1368 315 1522 358 colimus,

232 365 321 398 Vota
349 373 540 406 precesque
568 364 762 406 supplicum
976 364 1094 406 Alpha
1121 369 1155 398 et
1182 366 1209 400 Ο
1239 376 1338 408 quem
1369 367 1534 411 dicimus;

232 416 380 459 Hymnis
405 415 507 458 iunge
536 415 747 450 caelestium.
976 416 1025 449 Te
1054 416 1173 450 laudet
1201 418 1311 451 omnis
1341 418 1498 466 spirituS.

464 541 497 573 5.
541 538 634 574 Laus
663 539 755 581 patri
784 540 828 572 sit
856 539 1021 583 ingenito,

540 590 632 624 Laus
661 591 735 624 eius
762 591 950 634 unigenito,

540 642 632 676 Laus
661 643 705 675 sit
734 647 854 676 sancto
881 642 1032 686 spiritui,

541 693 650 728 Trino
677 694 753 728 Deo
780 699 815 728 et
843 694 1006 737 simplici.

232 818 350 855 Hymn.
382 826 437 845 ms.
466 817 649 846 Veronense
681 826 762 846 saec.
795 814 874 847 ¹⁰‘11.
919 817 992 846 Cod.
1018 818 1121 855 Capit.
1144 818 1301 846 Veronen.
1328 818 1398 847 CIX
1428 817 1518 854 (102).
1542 820 1579 848 A.

149 876 189 879 —-
219 859 336 897 Hymn.
367 868 424 887 ms.
447 858 738 895 Anglosaxonieum
758 858 995 895 (Monasticum)
1028 868 1108 888 saec.
1143 858 1189 888 11.
1218 860 1259 888 in.
1305 859 1380 888 Cod.
1403 860 1579 889 Londinen.

147 902 243 939 Vesp.
269 901 297 928 D
321 900 392 929 XII.
412 901 448 928 B.
471 916 510 918 —
526 900 700 937 Antiphon.
724 901 755 929 et
771 900 887 938 Hymn.
912 911 968 930 ms.
988 900 1140 930 Scarense
1165 910 1246 929 saec.
1272 899 1309 929 14
1340 905 1383 933 (et
1409 900 1463 938 15).
1504 902 1580 931 Cod.

149 943 302 981 Upsalen.
320 941 344 970 C
368 939 439 970 422.
457 942 490 970 C.
515 956 555 960 —
570 942 683 970 Diurn.
708 946 739 971 et
762 942 880 979 Hymn.
903 952 960 971 ms.
977 942 1218 972 Benedictinum
1235 943 1402 972 Sueeieum
1425 952 1505 972 saec.
1534 941 1579 972 15.

149 984 224 1014 Cod.
248 984 400 1022 Upsalen.
418 984 442 1012 C
464 981 534 1011 477.
554 983 592 1011 D.
618 999 657 1002 —
672 985 764 1012 BreV.
789 993 845 1012 ms.
862 984 1141 1013 Autissiodorense
1165 993 1246 1012 saec.
1272 982 1580 1019 15.(P1·ivatbesitz).

148 1026 186 1055 E.
215 1042 256 1045 —
279 1025 378 1054 Psalt.
405 1028 435 1053 et
458 1025 575 1061 Hymn.
599 1035 654 1053 ms.
678 1025 939 1054 Praedicatorum
963 1035 1044 1054 saec.
1070 1023 1117 1054 15.
1163 1025 1238 1055 Cod.
1262 1026 1408 1054 vatican.
1433 1024 1521 1055 7791.
1546 1026 1580 1055 F.

148 1083 189 1087 —
210 1067 310 1096 Psalt.
342 1070 374 1095 et
395 1066 512 1103 Hymn.
544 1075 599 1095 ms.
623 1067 835 1104 Augustinum
858 1068 1110 1104 Memmingense
1133 1076 1215 1096 saec.
1241 1065 1288 1095 15.
1313 1067 1392 1097 Clm.
1414 1068 1580 1096 Monacen.

149 1107 240 1138 8171.
266 1108 303 1138 G.
331 1124 369 1127 —
392 1108 491 1136 Psalt.
516 1117 571 1136 ms.
595 1108 781 1137 Basileense
805 1116 887 1137 saec.
912 1106 992 1137 ¹5s'1e.
1038 1108 1114 1137 Cod.
1138 1109 1271 1137 Paulan.
1296 1106 1345 1137 25.
1369 1106 1396 1136 2.
1422 1106 1469 1138 33.
1492 1107 1581 1145 (olim

148 1150 257 1182 Sanbl.
283 1150 396 1179 memb.
420 1148 480 1186 57).
497 1149 538 1178 H.
560 1164 601 1168 -—
616 1151 707 1178 BreV.
731 1149 771 1178 ad
786 1159 878 1178 usum
894 1151 954 1179 FF.
971 1150 1036 1179 ord.
1054 1150 1109 1179 SS.
1126 1150 1294 1178 Trinitatis
1310 1150 1349 1179 de
1364 1150 1580 1188 redemptione

151 1193 358 1230 Captivorum
382 1192 473 1227 impr.
497 1191 631 1219 Parisiis
657 1189 744 1219 1515.
768 1192 792 1220 Ι.

232 1231 258 1270 1,
282 1231 301 1262 3
323 1233 368 1261 Te
390 1232 505 1270 triplex
530 1232 639 1261 mundi
662 1232 732 1262 GH.
755 1248 796 1252 —-
818 1231 847 1268 2,
869 1231 889 1261 4
912 1232 1085 1262 Benedicat
1108 1233 1151 1262 G:
1176 1242 1231 1270 per
1254 1233 1381 1261 saecula
1398 1233 1519 1263 BCEG.
1541 1249 1583 1252 -

148 1273 176 1306 3,
200 1273 219 1304 *2
241 1275 287 1304 Te
308 1274 387 1303 fehlt
403 1274 443 1302 H.
467 1289 508 1293 —
530 1272 558 1307 3,
582 1273 603 1302 4
625 1275 721 1311 iunge
743 1273 883 1303 fidelium
901 1275 942 1309 A:
966 1275 1157 1303 caelestibus
1175 1275 1211 1303 G.
1236 1291 1275 1293 —
1298 1273 1327 1308 4,
1350 1272 1369 1302 2
1392 1278 1423 1303 et
1444 1278 1474 1303 te
1497 1274 1581 1303 idem

147 1317 187 1346 D.
211 1332 251 1336 —
271 1315 301 1351 4,
325 1314 344 1344 4
367 1315 477 1344 laudat
493 1316 560 1344 DG.
578 1331 615 1336 ——-
634 1316 661 1344 E
683 1316 867 1345 bezeichnet
883 1316 942 1345 den
960 1317 1107 1353 Hymnus
1123 1316 1187 1345 fiir:
1215 1317 1271 1351 „In
1287 1315 1581 1354 Transfiguratione

148 1358 187 1387 ad
208 1359 304 1395 Vesp.
333 1361 364 1386 et
386 1357 496 1388 Noctf·
527 1373 568 1376 —
589 1358 680 1386 Anal.
705 1358 822 1394 Hymn.
846 1358 907 1392 IV,
938 1356 976 1386 14
1003 1359 1046 1386 ist
1068 1357 1302 1386 Vorstehendes
1331 1367 1390 1385 nur
1413 1366 1469 1386 aus
1494 1358 1581 1386 einer

147 1401 206 1429 Hs.
233 1401 288 1429 des
313 1396 360 1428 15.
384 1399 496 1428 Jahrh.
520 1399 700 1436 publiziert.
723 1415 763 1418 —
785 1400 832 1427 Im
855 1399 981 1437 Repert.
1005 1399 1157 1436 Hymnol.
1181 1400 1235 1430 ΧΥ,
1259 1396 1320 1427 487
1346 1399 1416 1427 sind
1439 1398 1581 1428 mehrere

149 1441 320 1480 gedruekte
345 1441 494 1469 Breviere
517 1440 564 1468 als
588 1440 724 1476 Quellen
747 1440 958 1470 verzeichnet.

522 1634 575 1666 97.
610 1634 663 1666 Ad
686 1634 954 1667 sanctissimam
977 1634 1210 1667 Trinitatem.

276 1701 331 1729 De
361 1699 566 1738 Operibus
597 1709 666 1728 sex
697 1699 849 1728 dierum
882 1702 918 1728 et
947 1700 1076 1728 Donis
1108 1699 1292 1737 Spiritus
1321 1700 1466 1728 saneti.

860 1805 888 1839 Ι.

158 1880 192 1915 1.
234 1878 360 1912 Mundi
390 1880 526 1911 creator
553 1877 694 1919 optime,
904 1878 936 1912 3.
980 1876 1073 1920 Lux,
1095 1876 1244 1921 Christe,
1266 1880 1402 1910 nostras
1422 1876 1582 1910 tenebras

234 1931 308 1973 Quo
335 1929 412 1963 luce
439 1929 499 1962 lux
528 1933 579 1961 est
608 1928 748 1963 reddita
980 1928 1073 1962 Luce
1098 1928 1237 1963 timoris
1267 1927 1388 1971 effuga,

232 1982 378 2024 Luxque
407 1981 519 2014 divisa
548 1980 700 2014 tenebris
983 1981 1040 2021 Ut,
1071 1980 1128 2023 qui
1157 1990 1292 2014 eramus
1321 1979 1495 2023 tenebrae,

231 2033 355 2068 Primo
385 2033 517 2066 dierum
545 2033 686 2077 saeculi,
980 2032 1056 2066 Lux
1085 2033 1190 2066 simus
1218 2033 1252 2066 in
1281 2036 1327 2075 te,
1356 2031 1516 2067 Domine.

159 2161 192 2196 2.
241 2160 369 2193 Aetate
396 2157 510 2201 prima
537 2158 666 2191 saeculi
907 2160 940 2192 4.
989 2156 1042 2191 Sit
1068 2156 1217 2191 trinitati
1245 2157 1366 2199 gloria,

233 2211 282 2244 Te
309 2211 386 2244 luce
412 2210 504 2252 viget
534 2210 633 2253 ratio,
985 2209 1113 2253 Virtus,
1142 2208 1263 2251 honor,
1293 2208 1448 2252 victoria,

235 2263 308 2304 Qua
336 2262 410 2296 Deo
439 2261 531 2295 docti
559 2261 714 2294 homines
978 2262 1086 2303 Quam
1115 2270 1176 2294 sua
1204 2260 1349 2294 laudant
1376 2270 1483 2302 opera

234 2316 340 2348 Artes
368 2316 551 2347 excercent
578 2312 704 2349 varias.
979 2313 1018 2346 In
1047 2312 1261 2346 saeculorum
1291 2312 1440 2347 saecula.

850 2416 896 2450 Π.

161 2493 194 2527 1,
236 2490 343 2525 Verbi
372 2489 481 2532 patris
510 2488 656 2531 imperio
905 2489 939 2522 2.
983 2487 1139 2521 Secunda
1169 2491 1283 2521 aetate
1311 2487 1439 2522 saeculi

238 2541 334 2578 Caeli
363 2550 515 2574 convexa
543 2539 688 2573 firmitas
980 2539 1118 2572 Archae
1147 2543 1326 2582 compacta
1354 2538 1498 2572 firmitas

238 2596 356 2636 Aquas
385 2591 428 2626 ab
456 2591 553 2634 aquis
582 2591 708 2625 dividit
980 2590 1132 2624 Locatur
1159 2591 1250 2625 inter
1277 2591 1415 2624 caerula

238 2644 398 2680 Secundo
429 2643 484 2677 die
512 2643 652 2678 saeculi.
980 2641 1087 2676 Fidos
1115 2642 1231 2676 infidis
1260 2651 1454 2685 segregans.
