1652 2872
126 131 175 167 42
416 130 495 158 Pars
517 130 543 161 Ι.
586 131 708 168 Hymni
731 132 946 169 antiquissimi
969 132 1097 161 saeculi.
1120 132 1258 162 V.—X1.

126 237 160 271 3,
203 233 250 268 Ut
278 234 408 276 septies
437 233 528 267 diem
555 243 638 269 vere
868 237 903 272 6.
947 236 1051 279 Cujus
1080 246 1146 270 vox
1175 236 1260 270 haec
1289 233 1493 278 promeruit,

201 285 348 319 Orantes
377 295 455 319 cum
483 286 649 328 psalterio
944 288 994 324 Ut
1022 288 1155 324 diceret
1183 288 1275 322 idem
1303 286 1393 321 Deo:

201 336 406 379 Laudesque
435 340 615 372 cantantes
644 338 716 373 Deo
945 339 1060 374 Orabo
1089 342 1202 372 mente
1229 337 1426 381 Dominum,

202 388 303 421 Laeti
329 387 503 425 solvamus
533 388 697 424 debitum.
945 390 1060 426 Orabo
1087 390 1189 423 simul
1217 389 1355 432 spiritu.

122 493 158 526 4.
201 490 258 524 Sic
286 491 377 525 enim
406 491 537 526 Christi
566 493 678 536 gratia
873 494 906 530 7.
949 493 1002 526 Ne
1031 503 1096 526 vox
1124 492 1199 526 sola
1225 492 1300 526 Deo
1327 494 1439 531 canat,

201 542 430 576 Peccantibus
460 543 519 576 dat
549 544 694 589 veniam,
950 545 1144 586 Sensusque
1174 547 1292 577 noster
1318 542 1404 576 alibi

203 593 380 638 Saepeque
412 594 656 629 confitentibus
950 596 1084 629 Ductus
1112 595 1251 629 aberret
1279 593 1448 628 fluctuans

200 646 278 680 Non
307 647 424 680 aderit
451 656 542 680 mors
571 647 689 689 impia.
950 647 1057 681 Vanis
1086 650 1294 690 praeventus
1323 644 1473 680 casibus.

122 751 156 784 5.
194 749 370 782 Memento
399 759 467 782 non
496 749 585 782 desit
613 752 728 782 tamen
872 751 906 785 8.
951 749 1048 783 Tunc
1077 749 1166 782 enim
1195 748 1269 783 Deo
1297 752 1442 791 accepta
1471 751 1523 782 est

197 801 395 846 Orantibus‚
426 800 517 834 servi
546 800 623 843 Dei,
947 801 1067 836 Oratio
1096 801 1302 841 canentium,

197 853 295 895 Quod
327 852 425 885 Pauli
452 861 518 885 vox
546 852 694 894 apostoli
946 852 982 886 Si
1011 863 1098 894 pura
1125 862 1220 885 mens
1246 852 1338 885 idem
1366 854 1477 894 gerat,

198 903 413 937 Servandum
442 904 619 945 praedixit
647 903 765 944 nobis3
947 904 1045 946 Quod
1075 904 1225 946 explicat
1254 913 1320 937 vox
1350 902 1485 939 cantici.

202 1005 333 1046 Psalter.
357 1008 388 1034 et
410 1006 565 1042 Hymnar.
596 1014 652 1034 ms.
677 1006 709 1034 S.
730 1005 841 1034 Iacobi
871 1005 909 1034 de
932 1005 1070 1034 Pontida
1099 1014 1181 1034 saec.
1211 1004 1257 1034 11.
1307 1005 1382 1034 Cod.
1405 1005 1550 1034 Vatiean.

119 1045 168 1077 82.
191 1063 231 1067 —-
247 1046 461 1076 Ubersehrift:
486 1047 583 1083 „Item
609 1045 764 1082 aliut“(3):
787 1055 905 1075 vorans
927 1046 1018 1084 geht:
1044 1048 1226 1083 „Hymnum
1249 1046 1289 1075 ad
1310 1051 1414 1075 sexta:
1436 1042 1553 1075 Rectvr

115 1089 234 1126 potens
267 1095 365 1116 reram
392 1084 516 1115 Deus.“
548 1103 588 1107 ——
621 1087 649 1121 1,
680 1087 700 1116 4
726 1087 856 1117 aditum.
887 1104 926 1107 —
951 1087 985 1122 5,
1014 1087 1027 1116 1
1052 1089 1212 1117 Momente
1240 1087 1280 1125 (Ι).
1312 1104 1350 1108 —-
1375 1087 1403 1123 5,
1429 1085 1448 1116 2
1491 1088 1552 1116 Die

118 1130 176 1158 Hs.
200 1130 257 1158 hat
281 1127 414 1166 „servi“‚
437 1129 525 1158 nieht
550 1128 701 1165 „servis“‚
725 1131 785 1158 wie
804 1129 995 1158 Thomasius
1021 1129 1085 1158 und
1101 1131 1189 1159 seine
1206 1129 1399 1167 Naehfolger
1414 1129 1551 1168 glauben

117 1172 242 1202 lassen:
274 1171 324 1199 die
356 1170 479 1199 direkte
503 1171 627 1200 Ani-ede
653 1173 756 1208 „servi
780 1169 860 1200 Dei“
885 1171 1061 1208 entspricht
1083 1181 1164 1209 ganz
1188 1171 1256 1200 dem
1284 1168 1493 1209 „eonfamuffl‘
1518 1171 1551 1198 in

119 1212 153 1247 2,
180 1212 205 1241 1.
230 1230 264 1233 -
292 1210 320 1246 8,
346 1210 360 1240 1
389 1213 495 1248 Hune3
526 1212 547 1240 1.
569 1212 734 1241 vielleicht
757 1212 866 1250 „Tunc
889 1213 972 1241 enim
996 1217 1127 1251 accepta
1149 1216 1197 1242 est
1220 1211 1320 1242 Deo“.
1349 1228 1390 1232 ——
1419 1212 1551 1241 Warum

118 1251 313 1282 Ambrosius
338 1251 428 1282 'nicht
451 1254 497 1282 als·
520 1253 687 1283 Verfasser
709 1255 814 1283 dieses
838 1254 985 1292 Hymnus
1008 1255 1043 1282 in
1065 1255 1167 1292 Frage
1190 1254 1340 1284 kommen
1362 1254 1450 1283 kann
1471 1257 1552 1282 trotz

117 1295 171 1324 des
195 1296 382 1333 Zeugnisses
406 1295 609 1328 Cassiodors‚
633 1295 707 1325 sehe
730 1305 803 1324 man
829 1295 880 1324 bei
903 1296 1036 1330 Dreves⁷
1058 1296 1207 1325 Aurelius
1223 1296 1422 1331 Ambrosius,
1445 1292 1480 1325 S.
1501 1291 1551 1323 42.

118 1337 269 1366 Daselbst
292 1338 335 1365 ist
352 1335 466 1374 jedoch
490 1337 569 1375 irrig
591 1337 744 1372 bemerkt,
769 1337 838 1366 dass
862 1337 913 1365 die
936 1338 1035 1375 Rege]
1053 1338 1223 1367 Aurelians
1245 1347 1308 1366 von
1325 1337 1417 1366 Arles
1439 1337 1548 1366 diesen

120 1379 267 1416 Hymnus
291 1378 405 1407 kenne.

603 1510 657 1544 44.
692 1512 744 1543 Ad
767 1511 1064 1553 Completorium.

123 1608 156 1641 1.
203 1607 252 1640 Te
280 1607 365 1640 lucis
394 1612 473 1640 ante
502 1607 697 1649 terminum,
872 1611 907 1644 2.
952 1609 1077 1644 Procul
1106 1610 1273 1643 recedant
1299 1609 1432 1642 somnia

201 1658 329 1692 Rerum
359 1664 506 1702 creator,
535 1660 720 1705 poscimus,
948 1661 995 1695 Et
1021 1662 1171 1694 noctium
1198 1661 1453 1705 phantasmata,

205 1710 253 1744 Ut
280 1711 382 1744 solita
410 1711 591 1744 clementia
948 1713 1160 1756 Hostemque
1179 1719 1334 1747 nostrum
1351 1712 1552 1755 comprime,

203 1762 256 1795 Sis
284 1763 424 1805 praesul
451 1763 495 1796 ad
525 1762 729 1800 custodiam.
947 1764 1000 1798 Ne
1028 1765 1229 1808 polluantur
1257 1774 1414 1808 corpora.

447 1867 483 1901 3.
525 1866 679 1909 Praesta,
709 1871 810 1909 pater
837 1867 1069 1911 omnipotens,

523 1918 590 1951 Per
619 1920 733 1952 lesum
761 1919 937 1954 Christum
965 1919 1163 1965 Dominum,

526 1970 590 2012 Qui
619 1975 731 2004 tecum
759 1971 795 2004 in
823 1975 1028 2014 perpetuum

523 2021 657 2064 Regnat
686 2032 762 2056 cum
791 2028 910 2056 saneto
937 2023 1074 2065 spiritu.

209 2121 327 2158 Hymn.
351 2131 407 2150 ms.
432 2123 641 2152 Hibernicum
666 2133 747 2153 saec.
765 2122 793 2153 9.
817 2126 860 2153 in.
898 2124 972 2153 Cod.
990 2125 1124 2153 Paulan.
1149 2123 1196 2154 25.
1220 2123 1248 2154 2.
1272 2123 1310 2155 31
1325 2124 1424 2162 (Blas.
1440 2125 1551 2153 memb.

121 2159 181 2198 86).
205 2162 242 2191 A.
272 2179 312 2182 —-
343 2163 473 2192 Collect.
504 2173 561 2192 ms.
585 2165 795 2194 Hibernieum
827 2175 908 2194 saec.
934 2164 963 2194 9.
1008 2166 1084 2195 Cod.
1108 2166 1210 2204 Capit.
1235 2166 1399 2196 Colonien.
1426 2164 1492 2196 106.
1517 2167 1551 2194 B.

122 2218 155 2222 —
184 2203 282 2232 Psalt.
317 2208 347 2233 et
370 2205 486 2242 Hymn.
518 2215 575 2234 ms.
599 2206 767 2245 Anglicum
799 2216 881 2236 saec.
915 2205 960 2236 10.
986 2217 1032 2236 ex.
1078 2208 1153 2237 Cod.
1177 2208 1323 2237 Vatican.
1346 2209 1458 2247 Regin.
1482 2204 1552 2237 338.

123 2244 155 2274 C.
180 2260 221 2264 —-
241 2245 341 2273 Psalt.
366 2250 396 2274 et
418 2246 535 2283 Hymn.
559 2256 616 2274 ms.
634 2247 864 2276 Cantuariense
884 2248 929 2285 (52)
950 2258 1031 2278 saec.
1061 2246 1140 2278 ¹⁰l11.
1179 2249 1253 2278 Cod.
1271 2250 1449 2279 Londinen.
1473 2248 1552 2277 Add.

119 2283 159 2314 37
173 2284 243 2314 517.
269 2287 305 2315 D.
337 2303 371 2306 -
405 2288 522 2324 Hyum.
552 2298 610 2316 ms.
634 2289 925 2327 Anglosaxonieum
957 2299 1038 2319 saec.
1068 2288 1147 2319 ¹0ln.
1193 2290 1268 2319 Cod.
1291 2291 1469 2320 Londinen.
1492 2290 1552 2319 Iul.

119 2327 146 2355 A
174 2327 226 2356 VI.
263 2326 492 2365 (Paraphrase).
526 2329 562 2357 Ε,
597 2345 633 2348 -—
665 2331 781 2367 Hymn.
813 2341 869 2359 ms.
893 2332 1183 2370 Anglosaxonicum
1205 2331 1443 2370 (Monasticum)
1471 2341 1551 2361 saec.

125 2366 171 2396 11.
195 2370 238 2397 in.
263 2369 339 2398 Cod.
362 2370 539 2399 Londinen.
562 2371 657 2409 Vesp.
674 2372 704 2400 D
721 2372 794 2401 XII.
811 2373 845 2400 F.
862 2389 903 2392 —
919 2373 1086 2402 Colleetar.
1110 2377 1141 2402 et
1156 2375 1272 2411 Hymn.
1296 2383 1352 2402 ms.
1369 2374 1554 2403 Exoniense

121 2409 243 2447 (postea
270 2410 377 2448 Episc.
401 2411 538 2445 Leofric]
569 2421 649 2440 saec.
683 2411 729 2441 11.
774 2414 850 2442 Cod.
873 2414 1049 2443 Londinen.
1076 2415 1167 2443 Harl.
1198 2412 1288 2443 2961.
1312 2416 1348 2444 G.
1371 2431 1411 2434 —
1434 2415 1552 2452 Hymn.

123 2460 180 2479 ms.
205 2451 430 2480 wintoniense
454 2461 534 2481 saec.
562 2451 606 2481 11.
655 2454 730 2482 Cod.
755 2454 857 2493 Capit.
881 2455 1068 2484 Dunelmen.
1094 2457 1118 2484 B
1134 2456 1183 2485 111
1205 2453 1254 2484 32.
1271 2456 1312 2484 H.
1328 2473 1364 2477 —
1385 2456 1550 2485 Colleetar.

124 2495 155 2521 et
178 2493 295 2530 Hymn.
322 2503 377 2521 ms.
402 2493 624 2523 Wintoniense
646 2495 678 2529 (ἱ)
695 2495 918 2533 Vigorniense)
940 2506 1021 2525 saeC.
1049 2496 1094 2525 11.
1132 2497 1207 2526 Cod.
1224 2497 1307 2525 coll.
1324 2496 1416 2534 Corp.
1433 2497 1552 2526 Christi

123 2534 361 2572 Cantabrigien.
393 2532 451 2563 391
476 2535 500 2562 I.
529 2550 566 2554 ——
590 2536 650 2564 Rit.
683 2546 739 2565 ms.
766 2537 979 2567 Dunelmense
1010 2547 1091 2566 saec.
1120 2536 1148 2566 9.
1180 2535 1225 2566 10.
1253 2536 1300 2566 11.
1347 2538 1423 2567 Cod.
1447 2538 1551 2576 Capit.

121 2575 312 2604 Dunelmen.
335 2576 363 2604 A
385 2574 429 2604 IV
457 2573 502 2604 19.
527 2576 596 2605 add.
621 2586 701 2606 saec.
729 2576 774 2606 10.
799 2588 846 2607 ex.

147 2652 153 2654 ‚
206 2616 306 2645 Psalt.
339 2621 370 2644 et
392 2616 511 2653 Hymn.
541 2626 587 2645 ms
620 2618 866 2648 Ambrosianum
897 2628 979 2648 saee.
1013 2618 1059 2648 10.
1104 2618 1183 2650 Cod.
1205 2621 1353 2649 Vatican.
1377 2617 1427 2649 83.
1450 2621 1489 2649 K.
1512 2636 1552 2640 ——
