1652 2872
85 140 161 177 110
406 139 484 167 Pars
507 138 532 166 Ι.
578 134 698 175 Hymni
722 139 938 176 antiquissimi
959 147 1042 167 saec.
1063 139 1203 169 V.—XI.

290 244 325 275 5.
368 239 538 275 Infectum
565 241 738 275 hominem
767 240 887 275 dolens
915 241 958 275 ab
987 250 1106 286 angue,

362 292 415 326 Ne
443 302 580 327 servum
607 293 697 326 male
725 292 888 335 perderet
917 293 1107 333 subactum,

364 344 532 386 Campum
561 344 784 387 congreditur
811 347 934 387 potens
963 345 997 377 in
1024 343 1142 379 armis.

287 459 322 492 6.
367 457 465 491 Senis
493 462 625 500 pugnat
652 457 753 491 homo
779 456 942 499 Deusque
968 456 1108 500 lustris;

361 508 512 543 Miratur
538 509 630 553 legio
660 508 851 551 chorusque
880 507 1018 542 caelebs

363 561 431 596 Pro
459 570 560 594 servo
588 560 773 594 Dominum
801 558 877 601 pati
903 563 1094 602 stupentes.

291 686 320 708 l.
363 673 431 707 Ast
458 672 590 707 hostem
618 682 787 716 superans
815 673 995 716 ligansque
1023 672 1130 706 verbo

360 725 481 758 Victor
509 725 602 758 celsa
631 724 720 758 redit
750 723 875 758 sedens
903 725 939 758 in
966 728 1072 767 astra,

361 776 493 819 Regum
522 776 716 810 subsidium
744 781 907 819 satorque
936 785 1065 819 regum.

284 890 304 923 ΓΙ)

363 890 425 924 Cui
453 899 592 932 semper
621 890 725 924 decus
753 893 787 922 et
817 889 926 923 honor
952 889 998 923 sit
1025 890 1145 936 omnis,

363 941 492 983 Virtus,
522 941 718 985 imperium,
749 941 842 975 salus
870 941 1043 987 perennis,

364 992 415 1026 Sit
445 1002 570 1036 perpes
598 992 741 1027 iubilum
772 1002 912 1026 manens
941 1002 1005 1035 per
1032 1002 1165 1028 aevum.

161 1115 293 1153 Sylloga
322 1125 378 1145 mS.
402 1116 541 1154 Eugenii
566 1116 712 1154 Vulgarii
735 1115 907 1151 (Casinen.)
930 1125 1011 1145 saec.
1038 1115 1084 1146 10.
1108 1126 1155 1145 ex.
1200 1116 1275 1146 Cod.
1300 1117 1506 1155 Bambergen.

77 1157 103 1185 P
125 1156 174 1185 III
203 1154 253 1186 20.
284 1173 323 1176 ——
358 1156 390 1192 1,
423 1155 442 1186 2
465 1158 526 1194 Qui
549 1166 666 1186 coram.
689 1173 728 1177 -
751 1155 786 1193 8,
821 1156 835 1186 1
863 1158 906 1186 sit
928 1167 984 1196 per
1005 1159 1118 1186 omnis.
1141 1173 1180 1177 —
1205 1158 1276 1197 Vgl.
1306 1155 1508 1196 ll‘interfeld,

76 1198 157 1227 Paul
180 1207 224 1233 xz,
250 1199 335 1227 Poet.
359 1199 414 1228 lat.
439 1199 518 1228 med.
542 1200 614 1227 aevi
638 1203 712 1228 tom.
735 1199 769 1233 Ι,
794 1208 866 1237 pars
889 1200 914 1233 Ι,
938 1208 1008 1237 pag.
1032 1197 1108 1235 433,·
1132 1199 1283 1228 ebendort
1304 1198 1344 1237 (p.
1367 1198 1428 1229 406
1450 1200 1508 1239 sq.)

75 1239 128 1268 die
152 1240 290 1277 sparlich
307 1240 492 1269 fliessenden
509 1241 644 1269 Notizen
662 1241 740 1269 iiber
755 1240 815 1269 den
830 1242 935 1279 wenig
950 1241 1133 1270 bekannten
1148 1240 1281 1270 Dichter
1295 1241 1350 1269 Eu
1361 1251 1433 1277 gen
1443 1243 1453 1270 i
1463 1252 1505 1271 us

77 1281 301 1319 Vulgarius
331 1283 556 1321 grammaticus
574 1303 581 1316 ‚
613 1282 668 1311 der
698 1282 846 1311 w'ahrend
877 1282 931 1311 des
957 1280 1003 1311 10.
1026 1282 1138 1311 Jahrh.
1161 1283 1194 1311 in
1217 1283 1272 1311 der
1294 1282 1420 1321 Gegend
1443 1293 1507 1312 von

77 1323 199 1360 Neapel
222 1323 287 1351 und
310 1324 480 1362 zeitweilig
505 1324 585 1352 auch
610 1325 643 1352 in
659 1325 767 1353 Monte
785 1324 920 1352 Cassino
943 1324 1036 1358 lebte,
1059 1323 1124 1353 und
1139 1323 1255 1353 nahere
1270 1324 1508 1364 Besehreibung

70 1363 130 1393 des
155 1364 271 1394 Codex.

477 1528 550 1561 102.
586 1529 627 1561 In
651 1529 894 1561 Dedicatione
916 1529 1113 1561 Ecclesiae.

131 1647 163 1683 1.
206 1645 300 1681 Urbs
332 1645 434 1680 beata
462 1647 698 1688 Hierusalem,
729 1647 824 1680 dicta
851 1646 946 1689 pacis
975 1646 1072 1692 visio,

207 1699 302 1740 Quae
335 1699 548 1732 construitur
578 1699 612 1732 in
642 1698 748 1732 caelis
776 1698 864 1732 vivis
893 1708 934 1731 ex
963 1697 1148 1741 lapidibus,

207 1749 255 1784 Et
283 1751 417 1793 angelis
446 1756 614 1784 coornata
642 1754 680 1784 ut
707 1754 871 1793 sponsata
900 1750 1041 1784 comite!

127 1865 163 1900 2.
206 1863 307 1898 Nova
336 1865 476 1898 veniens
509 1874 526 1897 e
556 1864 664 1906 caelo,
694 1863 844 1906 nuptiali
871 1863 1023 1898 thalamo

206 1917 422 1959 Praeparata
450 1920 489 1949 ut
518 1920 696 1961 sponsata,
727 1915 910 1958 copulatur
937 1914 1096 1950 Domino.

206 1967 352 2002 Plateae
380 1973 414 2001 et
442 1968 534 2001 muri
563 1968 637 2002 eius
667 1978 709 2002 ex
737 1977 821 2002 auro
850 1967 1054 2010 purissimo·,

125 2081 165 2115 3.
209 2081 336 2115 Portae
364 2081 475 2114 nitent
503 2081 715 2124 margaritis,
744 2080 859 2123 adytis
888 2079 1087 2123 patentibus

208 2132 252 2166 Et
282 2132 411 2166 virtute
439 2133 638 2165 meritorum
671 2132 754 2165 illuc
778 2133 1012 2166 introducitur

208 2183 341 2226 Omnis,
371 2185 427 2226 qui
457 2193 520 2226 pro
550 2184 681 2218 Christi
710 2184 848 2218 nomine
876 2184 931 2217 hic
958 2184 994 2217 in
1022 2184 1149 2218 mundo
1177 2184 1356 2227 premitur.

122 2298 162 2333 4.
205 2296 450 2340 '1'u11sionibuS‚
481 2297 654 2339 pressuris
682 2297 826 2340 expoliti
854 2297 990 2340 lapides

207 2349 283 2383 Suis
312 2352 517 2391 coaptantur
546 2348 632 2382 loeis
661 2359 723 2391 per
751 2359 888 2382 manum
915 2349 1071 2392 artificis,

204 2399 450 2442 Disponuntur
478 2401 696 2442 permansuri
724 2401 832 2436 sacris
863 2400 1042 2437 aedificiis

123 2515 162 2548 >5.
203 2512 399 2556 Angularis
428 2511 686 2547 fundamentum
715 2513 804 2557 lapis
833 2514 991 2548 Christus
1018 2514 1142 2548 missus
1170 2518 1231 2559 est,

204 2564 268 2606 Qui
297 2574 460 2608 compage
488 2565 632 2607 parietis
662 2565 696 2599 in
724 2571 870 2608 utroque
897 2566 1058 2607 nectitur,

204 2616 311 2658 Quem
339 2615 420 2650 Sion
449 2621 568 2650 sancta
597 2618 763 2660 suscepit,
791 2617 826 2650 in
856 2626 920 2659 quo
950 2616 1095 2650 credens
1123 2620 1316 2659 permanet.
