1652 2872
143 136 218 174 306
512 136 591 165 Pars
614 136 656 165 11.
699 137 883 175 Hymnodia
905 135 1196 166 Hiberno-Celtica.

168 240 203 277 9.
246 241 342 274 Haec
369 240 529 282 concepit
557 240 791 284 margaritam,
890 242 948 277 11.
991 240 1178 275 induamus
1206 249 1303 273 arma
1330 239 1428 284 lucis,

297 291 820 336 —nonsuntvanasomnia‚—
1043 291 1186 326 loricam
1214 294 1246 324 et
1276 290 1414 333 galiam,

247 344 314 377 Pro
342 353 408 386 qua
436 343 519 377 sam
547 343 735 377 christiam·
992 344 1039 379 Ut
1065 343 1171 377 simus
1200 342 1274 376 Deo
1302 341 1459 384 perfecti,

297 394 451 428 vendunt
477 404 538 429 sua
566 395 692 430 omnia.
1042 394 1190 437 suscepti
1218 403 1281 437 per
1309 393 1469 428 Mariam.

144 510 204 546 10.
247 508 413 542 Tunicam
443 517 507 551 per
535 512 642 544 totum
674 512 803 543 textam
895 511 953 546 12.
995 511 1117 553 Amen,
1148 509 1274 551 Amen,
1298 507 1499 541 adjuramus

299 560 429 596 Christi
457 563 569 594 mater
596 559 740 605 fecerat,
1047 561 1169 595 merita
1197 567 1402 604 puerperae,

246 613 339 655 Quae
367 615 511 655 peracta
539 612 669 647 Christi
697 615 809 646 mone
994 613 1043 647 Ut
1071 622 1138 646 non
1166 612 1276 655 possit
1303 611 1441 645 flamma
1456 620 1573 654 pyrae

296 666 388 698 sorte
415 664 532 698 statim
561 668 720 699 steterat.
1046 674 1108 698 nos
1137 664 1238 698 dirae
1267 663 1466 706 decerpere.

514 778 574 812 13.
619 778 748 812 Christi
777 786 902 812 nomen
927 777 1130 811 invocamus

666 829 800 872 angelis
828 829 892 862 sub
921 829 1080 872 testibus,

614 881 662 915 Ut
691 879 855 915 fruamur
883 884 917 914 et
945 881 1147 914 scriba-mur

664 932 792 966 litteris
820 932 1040 968 caelestibus.

221 1056 343 1086 Homil.
373 1066 430 1085 ms,
463 1053 613 1094 Gregorii
644 1065 724 1087 saec.
755 1053 784 1085 8.
815 1066 862 1085 ex.
915 1057 991 1086 Cod.
1023 1056 1249 1086 Carolsruhan.
1272 1056 1407 1094 Augien.
1431 1055 1572 1086 CCXXI.

139 1098 209 1128 add.
240 1098 285 1131 (in
314 1097 509 1137 tegumento)
538 1107 620 1126 saec.
650 1095 678 1126 S.
707 1108 755 1126 ex.
780 1099 817 1127 A.
837 1114 876 1117 —
899 1098 1032 1128 Collect.
1056 1109 1112 1127 ms.
1137 1098 1347 1127 Hibernicum
1371 1107 1453 1126 saec.
1477 1096 1504 1126 9.
1529 1099 1572 1126 in.

140 1140 219 1170 Cod.
245 1139 471 1169 Carolsruhan.
495 1139 630 1177 Augieu.
656 1138 776 1168 CXCV.
807 1140 878 1169 add.
907 1138 953 1175 (in
977 1140 1172 1178 tegumento)
1194 1148 1275 1168 saec.
1300 1137 1327 1168 9.
1350 1139 1386 1168 Β.
1411 1156 1449 1159 -
1473 1139 1571 1168 Psalt.

137 1191 194 1211 ms.
218 1182 374 1212 Graecum
397 1191 479 1211 saec.
505 1179 533 1210 8.
557 1190 628 1210 cum
651 1181 828 1219 fragmento
851 1191 907 1210 ms.
928 1183 1105 1211 Hibernico
1129 1190 1210 1210 saec.
1238 1179 1283 1210 10.
1308 1182 1350 1210 in.
1389 1180 1465 1210 Cod.
1483 1182 1571 1210 Basi-

135 1224 216 1253 leen.
240 1223 267 1252 A
291 1224 352 1252 VII
375 1220 404 1252 3.
429 1223 463 1253 C.
486 1239 526 1242 —
550 1223 667 1260 Hymn.
692 1232 748 1251 ms.
773 1223 984 1252 Hibemicum
1003 1233 1084 1253 saec.
1112 1221 1157 1252 11.
1181 1224 1224 1251 in.
1265 1222 1341 1252 Cod.
1359 1222 1440 1252 Coll.
1456 1223 1571 1252 Trinit.

137 1265 311 1295 Dublinen.
341 1264 369 1294 E
402 1263 432 1293 4.
466 1263 494 1294 2.
526 1265 564 1293 D.
594 1281 633 1285 -
665 1264 783 1302 Hymn.
818 1275 875 1293 ms.
907 1266 1118 1294 Hibernicum
1152 1273 1233 1293 saec.
1266 1262 1314 1293 11.
1365 1264 1442 1293 Cod.
1471 1264 1571 1294 Conv.

136 1307 341 1336 Francisean.
364 1307 538 1336 Dublineu.
563 1316 586 1334 s.
610 1316 640 1334 11.
665 1306 700 1334 E.

219 1347 246 1383 1,
264 1346 283 1377 2
304 1348 511 1378 concinantes
529 1348 563 1381 C,
586 1349 790 1377 concinentes
807 1349 836 1378 D
851 1349 917 1382 (cfr.
939 1348 964 1385 l,
981 1349 1000 1378 3
1023 1358 1086 1377 von
1100 1346 1140 1376 H
1138 1355 1274 1386 ymnum
1293 1345 1392 1381 (licat,
1409 1348 1462 1376 Nr.
1480 1345 1565 1385 214),

138 1391 247 1420 variae
262 1391 328 1421 ΑΒ.
345 1407 383 1411 --
401 1387 430 1424 2,
447 1388 461 1418 1
481 1399 536 1428 per
552 1399 660 1419 corum
677 1390 711 1419 C.
725 1406 764 1409 ——
781 1388 809 1423 2,
825 1389 844 1419 2
860 1391 1087 1419 conlaudemus
1101 1391 1137 1419 A,
1155 1389 1383 1418 conlaudamus
1396 1389 1432 1423 B,
1449 1389 1568 1419 collau·

135 1432 246 1462 damus
263 1431 328 1462 ΟΕ.
352 1447 391 1451 —
414 1430 443 1467 2,
459 1429 479 1460 3
494 1433 539 1462 Ut
554 1431 632 1461 fehlt
646 1431 689 1468 A,
714 1433 823 1470 pulsat
838 1432 903 1460 AB.
924 1449 962 1451 —
979 1430 1007 1465 3,
1027 1431 1041 1460 1
1060 1432 1158 1461 Iudae
1174 1432 1213 1460 D.
1230 1447 1267 1451 -ss
1284 1429 1314 1466 3,
1330 1429 1350 1460 2
1366 1440 1488 1460 summa
1502 1431 1567 1461 AC.

133 1490 174 1493 —-
191 1472 221 1509 4,
237 1471 257 1502 2
273 1474 346 1502 sinu
361 1475 461 1512 patris
478 1477 610 1512 paterno
624 1473 666 1509 Ο,
682 1477 833 1512 paternae
847 1474 884 1503 A.
899 1489 937 1493 —
953 1473 982 1508 4,
997 1473 1017 1503 4
1028 1477 1191 1503 maternae
1205 1473 1243 1502 A.
1258 1489 1295 1492 —-
1309 1472 1339 1509 5,
1358 1471 1370 1501 1
1386 1473 1475 1502 Haec
1489 1472 1566 1502 haec

133 1518 182 1545 est
199 1515 234 1544 A.
251 1531 291 1534 —-
315 1514 343 1550 5,
367 1512 386 1543 3
402 1515 492 1544 Haec
515 1525 552 1544 ex
570 1515 612 1547 A;
637 1525 676 1544 ex
697 1515 758 1545 fide
774 1511 877 1545 ΑΒΕ.
895 1532 933 1536 —-
959 1515 987 1552 5,
1009 1514 1030 1544 4
1046 1516 1157 1545 extetit
1174 1515 1209 1550 A,
1227 1516 1337 1544 extitit
1351 1514 1378 1544 E
1393 1512 1460 1551 (der
1474 1514 1565 1544 Reim

136 1557 254 1586 sichert
266 1556 318 1586 die
330 1558 424 1586 Form
439 1555 627 1594 „exstetit“).
640 1573 681 1576 —-
693 1555 722 1591 6,
741 1555 755 1585 1
770 1560 871 1586 matre
884 1567 941 1588 nec
954 1559 1120 1586 inventum
1133 1557 1168 1586 A.
1183 1573 1223 1577 —-
1235 1555 1263 1591 6,
1279 1554 1298 1586 3
1311 1556 1350 1585 de
1362 1556 1439 1585 flore
1451 1556 1511 1585 fuit
1521 1557 1566 1595 A;

134 1599 231 1638 plana
255 1598 291 1633 A,
317 1599 433 1637 planae
456 1599 494 1627 E.
519 1615 558 1618 —
581 1599 642 1628 Str.
667 1596 685 1627 8
709 1598 788 1628 fehlt
805 1598 837 1628 C.
862 1616 901 1620 -—-
924 1597 952 1634 8,
977 1598 995 1628 2
1019 1599 1139 1628 aedidit
1155 1599 1190 1627 A.
1208 1614 1246 1618 -—
1264 1596 1293 1633 8,
1316 1597 1336 1628 3
1359 1598 1426 1627 lata
1440 1599 1477 1633 B,
1500 1598 1566 1627 lata

132 1641 200 1670 lota
215 1641 252 1670 A.
270 1656 308 1659 —
332 1638 360 1675 9,
388 1639 402 1669 1
420 1641 489 1669 Hec
505 1641 576 1676 AC,
601 1641 768 1679 concaepit
782 1641 826 1673 B;
851 1645 1030 1679 margareta
1046 1641 1082 1676 A,
1100 1643 1311 1679 margaretam
1327 1637 1429 1669 BDE.
1447 1656 1485 1660 ——
1502 1638 1531 1675 9,
1546 1636 1565 1669 3

133 1683 194 1712 Per
218 1691 314 1720 quam
336 1682 379 1717 C;
404 1692 480 1712 sane
504 1683 543 1712 E.
566 1698 606 1702 —
631 1681 678 1719 10,
708 1681 721 1711 1
745 1683 899 1712 Tonicam
922 1683 1056 1716 ACDE;
1081 1692 1136 1720 per
1158 1686 1256 1711 totam
1281 1682 1321 1718 Ο,
1344 1685 1465 1711 textum
1485 1679 1566 1711 BE1.

137 1741 170 1745 —-
199 1722 246 1760 10,
271 1722 289 1752 2
313 1723 440 1753 Christo
465 1725 501 1754 B.
524 1740 564 1743 —
591 1722 636 1758 11,
663 1723 677 1753 1
705 1724 878 1753 Induamur
901 1725 938 1754 A.
961 1740 1001 1744 —-
1027 1723 1074 1762 11,
1097 1722 1116 1753 2
1139 1724 1273 1753 luricam
1289 1724 1371 1753 ABC
1393 1723 1568 1759 (vielleicht

134 1766 181 1795 als
216 1765 333 1795 irisehe
364 1765 593 1795 Schreibweise
632 1765 687 1795 das
716 1765 1031 1805 U1·spri'1nglichere);
1066 1767 1201 1795 luricam
1230 1766 1370 1795 vicariae
1397 1764 1487 1801 (statt
1518 1768 1567 1803 „et

132 1805 285 1847 galiam“)
305 1807 348 1836 A:
379 1807 505 1845 galeam
528 1807 609 1837 BCE
639 1805 708 1843 (der
730 1809 820 1837 Reim
851 1808 967 1838 sichert
997 1809 1049 1838 die
1073 1808 1167 1837 Form
1200 1806 1377 1847 „galiam“).
1403 1822 1440 1826 ——
1466 1804 1518 1841 12,
1549 1805 1564 1835 l

133 1849 301 1878 adoremus
325 1849 367 1885 A,
398 1849 568 1878 adoramus
590 1850 626 1878 B.
652 1867 689 1871 —-
724 1848 771 1883 12,
795 1847 914 1886 2—13,
947 1849 960 1879 1
986 1850 1091 1880 fehlen
1114 1849 1151 1878 A.
1175 1866 1215 1869 —
1241 1847 1294 1883 12,
1326 1847 1345 1877 3
1368 1850 1456 1887 pirae
1479 1848 1565 1878 BDE

131 1890 246 1929 (wahrt
269 1890 330 1920 den
352 1891 444 1920 Reim
469 1891 642 1930 allerdings
666 1892 788 1927 reiner).
812 1908 853 1911 —
877 1890 930 1927 12,
960 1890 981 1921 4
1003 1891 1072 1921 dire
1095 1892 1136 1928 C,
1166 1891 1318 1930 decepere
1341 1890 1379 1920 Ε.
1402 1906 1442 1909 —
1466 1887 1520 1926 13,
1550 1887 1564 1918 1

133 1934 318 1962 invocemus
335 1932 393 1962 DE
414 1932 481 1969 (der
497 1933 653 1962 Intikativ
677 1933 762 1971 pass-t
787 1934 894 1963 besser
919 1943 959 1962 zu
983 1932 1204 1972 „adiuramus“
1228 1935 1262 1962 in
1288 1930 1334 1968 12,
1359 1930 1396 1969 1).
1412 1948 1453 1951 ——
1477 1929 1524 1967 13,
1547 1929 1566 1960 3

132 1975 170 2004 In
193 1974 335 2003 fruamur
358 1974 401 2010 A,
425 1975 602 2013 scripamur
626 1975 664 2004 D.
690 1990 724 1994 —-
754 1974 799 2009 13,
823 1974 844 2004 4
866 1975 1038 2005 celestibus
1067 1975 1164 2005 CDE.

216 2017 275 2044 Am
287 2015 438 2045 Schlusse
450 2016 637 2045 wiederholt
650 2017 690 2045 A:
705 2016 896 2055 „Cantemus
910 2018 943 2045 in
955 2018 1042 2046 ouini
1054 2014 1137 2051 die“,
1149 2018 1178 2046 D
1193 2027 1222 2046 u.
1232 2015 1260 2045 E
1273 2025 1333 2045 nur
1344 2012 1564 2053 „Cantemus“.

134 2057 309 2087 Vielleicht
330 2057 398 2086 also
421 2059 464 2086 ist
486 2058 547 2086 Str.
575 2056 588 2086 1
614 2059 665 2086 eiu
681 2056 832 2095 Refrw'u.
870 2059 1024 2088 Derselbe
1047 2060 1189 2088 erinnert
1210 2058 1283 2087 sehr
1306 2067 1347 2086 an
1363 2056 1414 2086 die
1430 2055 1566 2094 Strophe

135 2099 190 2128 des
223 2098 359 2127 Mariale
392 2099 550 2128 Beruards
583 2109 646 2128 von
678 2100 816 2129 Morlas:
857 2098 974 2137 „Omm'
1008 2098 1058 2129 die
1092 2097 1145 2130 die
1177 2097 1310 2128 Illariae
1329 2100 1334 2135 l
1353 2107 1423 2127 mea
1455 2098 1566 2127 laudes

135 2138 272 2169 animast&
313 2138 418 2175 (Anal.
440 2141 559 2178 Hymn.
582 2141 699 2176 XLIX,
722 2150 793 2179 pag.
816 2139 898 2175 427).
935 2142 1060 2171 Andere
1083 2143 1281 2180 Interpreten
1304 2140 1411 2179 folgen
1432 2139 1487 2169 der
1501 2140 1564 2168 An-

135 2181 219 2211 sicht
240 2178 372 2217 Mones,
399 2181 469 2210 dass
498 2183 531 2210 in
563 2182 623 2211 den
646 2182 785 2212 irischen
809 2184 1012 2222 Dicbtungen
1034 2183 1086 2213 die
1111 2182 1362 2220 Wiederholung
1384 2181 1440 2211 der
1462 2184 1567 2211 ersten

105 2222 107 2224 ’
135 2224 247 2252 WVorte
277 2232 334 2252 aus
364 2222 419 2252 der
441 2223 715 2262 Anfangsstrophe
743 2224 894 2260 audente,
926 2225 982 2254 das
1005 2224 1141 2254 Gedicht
1163 2225 1209 2254 sei
1233 2233 1271 2253 zu
1293 2223 1393 2253 Ende.
1419 2239 1457 2244 —
1480 2222 1565 2253 CDE

135 2265 231 2303 fiigen
253 2273 304 2293 am
330 2264 496 2299 Schlusse,
527 2266 585 2294 wie
608 2265 659 2293 bei
683 2265 743 2294 den
766 2266 840 2295 Iren
863 2267 907 2295 oft
930 2267 985 2296 der
1007 2266 1092 2297 Fan,
1125 2267 1195 2295 eine
1219 2265 1361 2295 Collecta
1386 2265 1446 2300 bei,
1469 2265 1565 2293 deren

136 2305 376 2335 abweichender
399 2307 467 2335 Bau
490 2306 554 2335 und
570 2307 851 2346 Nichtbeachtung
873 2308 928 2337 des
952 2307 1157 2337 kunstvolleu
1174 2308 1300 2336 Reimes
1323 2306 1421 2335 sehon
1447 2315 1564 2345 geuug-

137 2357 204 2376 sam
226 2349 388 2382 verraten,
410 2345 481 2376 dass
505 2349 550 2376 sie
573 2347 643 2376 dem
667 2349 814 2386 Hymnus
838 2350 927 2378 nicht
948 2348 1173 2387 urspriinglich
1197 2350 1288 2386 eigen
1311 2348 1368 2376 ist:

589 2410 725 2439 Sanctae
747 2412 871 2440 Mariae
894 2411 1041 2440 meritum

587 2451 799 2489 Imploramus
822 2453 1056 2491 dignissimum,

588 2494 633 2523 Ut
654 2503 829 2523 mereamur
850 2493 1033 2531 (meriamur
1054 2492 1096 2529 D)
1118 2493 1233 2521 solium

588 2534 745 2564 Habitare
768 2536 970 2565 altissimum.

221 2595 292 2624 Den
314 2595 395 2624 Text
424 2595 636 2633 publizierten
665 2607 723 2626 aus
745 2596 770 2626 C
799 2596 918 2634 (ausser
940 2595 1057 2626 Daniel
1079 2605 1109 2624 u.
1134 2594 1242 2631 Mone)
1270 2595 1352 2624 auch
1375 2592 1499 2625 Forbes
1520 2596 1566 2633 (in

138 2636 194 2666 der
222 2636 411 2675 Einleitung
442 2646 512 2666 zum
538 2637 670 2667 Missale
699 2648 762 2667 von
784 2638 976 2674 Arbuthnot)
1002 2636 1066 2666 und
1089 2634 1213 2666 Moran
1240 2636 1284 2673 (in
1311 2638 1421 2666 seinen
1443 2637 1565 2676 Essays
