1652 2872
568 135 594 164 Ι.
628 135 676 164 De
698 134 767 163 Deo
793 136 825 161 et
847 133 885 162 de
907 134 1016 163 Beata.
1436 135 1510 173 289

146 239 209 274 IX.
251 238 341 274 Item
370 240 420 274 ad
445 239 681 274 Mammam.
825 238 871 273 X.
912 238 999 273 Item
1028 240 1106 273 alia
1135 241 1186 276 ad
1214 240 1449 277 Matutinam.

131 330 324 372 Gallorum,
355 332 504 376 Christe,
534 330 694 364 cantibus
881 330 985 368 Deus.
1015 333 1072 374 qui
1100 333 1209 375 pulsis
1238 333 1390 368 tenebris

129 383 180 416 Te
207 382 378 424 deprecor
405 382 620 424 sonantibus,
880 382 959 416 Diei
986 384 1097 417 lucem
1126 384 1261 430 tribuis,

130 434 224 468 Petri
252 439 290 470 ut
317 435 490 477 quondam
519 433 670 477 fletibus,
880 434 1079 468 Adventum
1109 437 1180 469 veri
1208 437 1348 470 luminis

130 485 270 523 Nostris
298 486 441 520 intende
468 486 645 529 precibus,
881 486 965 520 Tuis
994 486 1131 521 effunde
1159 486 1308 525 famulis.

161 631 336 670 Antiphon.
368 640 424 659 ms.
449 631 670 660 Benchorense
702 632 779 659 anni
809 628 984 659 680—691.
1036 630 1113 659 Cod.
1136 631 1338 661 Ambrosian.
1362 632 1386 660 C
1409 632 1427 661 5
1457 634 1510 662 inf.

81 675 117 703 A.
141 689 179 693 —
201 673 335 710 Martyr.
360 676 391 701 et
413 672 582 702 Collectar.
606 682 663 701 ms.
688 672 720 701 S.
744 673 867 701 Mariae
892 675 922 701 et
938 671 970 700 S.
988 672 1175 701 Corbiniani
1192 674 1407 712 Frisingensis
1431 684 1511 703 saec.

81 714 127 745 10.
172 714 252 744 Clm.
274 715 442 744 Monacen.
473 712 591 743 27305.
613 715 650 743 Β.
674 731 712 734 —
736 715 761 742 Ι.
786 714 871 743 Titel
895 715 928 742 in
950 713 994 742 A:
1027 715 1126 751 „Item
1149 714 1215 743 alia
1238 715 1278 743 ad
1301 713 1511 753 Se[cunda]'·²;

79 767 111 786 es
141 756 218 795 geht
246 755 386 785 nfimlich
415 757 485 785 eine
510 754 704 792 „Collectio“
738 755 814 784 oder
838 753 1019 793 „Collecta“
1050 755 1125 794 (vgl.
1152 756 1302 789 VVarren,
1332 757 1399 786 The
1422 757 1512 786 Anti-

79 799 222 837 phonary
252 798 287 826 of
306 799 450 837 Bangor,
479 798 522 833 11,
551 808 580 836 p.
606 798 683 828 XIX
711 800 793 836 sqq.)
823 797 862 826 ad
887 796 1104 834 „Secundam“
1134 807 1262 827 vorauS.
1305 799 1391 827 Titel
1414 800 1447 827 in
1471 800 1512 828 B:

80 840 147 879 „Ad
175 838 335 869 Primam“
365 839 457 875 (iiber
489 837 782 877 „Primazflora
811 837 977 868 secundm
1010 839 1064 868 cfr.
1088 839 1217 874 Blume,
1247 841 1312 869 Der
1335 840 1452 869 Cursus
1484 850 1508 869 s.

78 882 252 918 Benedicti,
276 881 308 911 S.
331 879 391 915 23).
415 898 455 900 -
477 882 510 916 Ι,
534 879 553 909 2
575 882 700 910 Exortu
722 879 764 909 A.
788 896 828 900 -«
850 882 874 916 Ι,
898 879 917 909 3
941 881 1068 910 Christo
1092 881 1128 910 A.
1154 899 1191 902 —
1214 882 1304 910 Nach
1327 883 1352 916 Ι,
1375 880 1395 910 4
1416 882 1512 920 folgt:

80 921 167 962 „Qui
188 930 309 960 ‘regnas
333 921 370 951 in
396 920 545 952 saecula“
571 923 635 952 und
659 933 693 952 so
718 924 829 952 immet
852 923 933 951 nach
953 923 1044 960 jeder
1067 923 1217 952 collecta.
1239 924 1275 952 A.
1297 939 1330 942 —
1348 924 1388 952 II.
1411 923 1512 952 Titel:

79 965 146 1004 „Ad
175 963 303 994 Tertia“
335 965 379 1001 A;
411 965 474 994 und
505 975 540 994 so
571 965 741 1004 durchweg
769 964 825 994 der
854 965 986 994 Ablativ
1018 967 1094 993 statt
1123 965 1314 994 Akkusativ.
1346 981 1384 984 —
1415 965 1465 1000 II,
1499 963 1511 993 1

77 1008 204 1037 Christe
234 1008 270 1036 B.
292 1023 333 1027 —-
355 1007 402 1041 II,
432 1005 451 1035 2
472 1007 575 1036 Tuam
605 1006 812 1045 deprecamur
835 1007 877 1042 B,
908 1007 1140 1044 Dipraecamur
1163 1006 1199 1035 A.
1224 1022 1262 1026 —
1285 1007 1336 1041 II,
1369 1004 1388 1035 3
1410 1007 1455 1036 Ut
1478 1008 1514 1035 B.

77 1066 118 1068 —
152 1050 199 1084 Π,
233 1047 254 1078 4
281 1049 420 1077 Tribuas
449 1049 606 1086 benignus
634 1050 772 1086 gratiam
802 1049 836 1077 Β
866 1064 906 1067 -
935 1048 1000 1082 ΙΙΙ,
1034 1046 1053 1076 2
1082 1057 1137 1077 ora
1166 1048 1295 1083 (ebenso
1325 1049 1388 1085 IV,
1416 1047 1446 1083 2)
1476 1048 1512 1076 A.

77 1107 118 1110 —
139 1091 203 1125 III,
235 1089 255 1119 4
284 1091 426 1128 possitus
449 1091 486 1119 A.
512 1106 549 1110 —
572 1090 635 1125 IV,
667 1089 681 1119 1
707 1099 836 1128 praeces
859 1090 896 1118 A.
919 1105 960 1109 —-
983 1070 1044 1124 IV,
1076 1088 1094 1119 3
1119 1100 1164 1128 sq.
1189 1092 1260 1126 Qua
1282 1091 1371 1119 fuisti
1396 1090 1513 1119 Corne-

75 1132 154 1161 lium
174 1129 178 1170 Ι
197 1100 343 1161 ’Visitans
367 1133 401 1161 B.
425 1148 462 1151 —
487 1132 523 1161 V.
548 1132 650 1160 Titel:
682 1131 748 1169 „Ad
771 1130 906 1169 vesper.‘
907 1129 964 1160 ‘A
987 1129 1040 1167 (an
1065 1131 1199 1161 andeier
1221 1132 1321 1161 Stelle
1343 1132 1415 1160 dort
1440 1140 1513 1160 aus-

76 1174 301 1213 geschrieben:
327 1173 596 1212 „Vespertinam);
620 1174 669 1203 Ad
689 1174 846 1211 Vesperas
861 1174 897 1202 B.
918 1188 954 1193 --
970 1173 1009 1208 V,
1032 1171 1051 1202 3
1074 1174 1242 1212 praecibus
1267 1183 1391 1202 annuae
1408 1173 1446 1202 A.
1474 1190 1513 1193 —-

75 1215 120 1245 VI
147 1215 228 1245 fehlt
257 1216 291 1244 B.
342 1215 392 1244 Ob
425 1215 571 1253 „initium
599 1214 722 1244 noctis“
744 1234 784 1237 -—
805 1214 973 1253 Complet‘?
1003 1231 1044 1234 —-
1075 1215 1136 1250 VI,
1167 1213 1186 1243 3
1210 1216 1389 1244 Miseriaris
1413 1216 1448 1244 A
1474 1231 1511 1234 ψ

77 1258 130 1291 VI,
154 1255 174 1286 4
198 1257 420 1293 praee-antibus
436 1257 473 1286 A.
492 1274 526 1277 —
545 1258 616 1286 VII.
632 1257 716 1286 Titel
741 1258 774 1285 in
791 1257 834 1286 A:
861 1257 927 1293 „Ad
944 1255 1127 1286 Nocturno“
1138 1269 1144 1294 ς
1169 1257 1203 1286 in
1219 1257 1261 1286 B:
1287 1257 1353 1295 „Ad
1371 1256 1513 1295 Comple-

77 1297 257 1335 torium“(!).
281 1314 320 1318 —
342 1299 415 1333 VII,
438 1297 458 1327 2
480 1300 592 1328 Noctis
615 1300 650 1328 Β.
674 1315 713 1318 ——
735 1299 808 1335 VII,
832 1297 851 1328 3
869 1299 968 1334 Quiss.
995 1314 1034 1317 ἢ
1049 1299 1129 1328 VIII
1152 1299 1232 1328 fehlt
1248 1300 1282 1328 Β.
1300 1315 1339 1318 -
1354 1300 1410 1328 ΙΧ.
1426 1298 1513 1328 Titel

77 1342 110 1369 in
132 1341 175 1369 B:
212 1340 279 1378 „Ad
302 1341 499 1370 Nocturnum
523 1341 590 1370 sive
613 1338 862 1379 Matu[tinam].“
888 1357 927 1359 —
950 1341 1014 1376 IX,
1046 1339 1065 1369 2
1088 1341 1260 1379 depraecor
1282 1341 1318 1370 A.
1343 1356 1382 1359 —-
1405 1340 1470 1375 IX,
1494 1338 1513 1369 3

77 1383 165 1412 Petri
189 1383 228 1412 ob
253 1382 412 1420 quondam
435 1382 472 1411 A.
496 1399 536 1402 —
558 1383 614 1417 IX,
638 1381 658 1411 4
681 1383 849 1419 praecibus
873 1382 909 1417 A,
934 1383 1094 1412 mentibus
1118 1384 1153 1411 B.
1177 1399 1217 1402 —
1240 1384 1268 1411 X
1292 1383 1372 1411 fehlt
1393 1383 1428 1411 Β.

160 1424 204 1452 Es
235 1424 315 1462 folgt
344 1425 378 1452 in
408 1423 434 1452 A
463 1425 669 1454 unmittelbar
701 1426 772 1454 eine
801 1425 913 1453 zweite
945 1425 1034 1454 Serie
1062 1434 1127 1453 von
1152 1421 1404 1461 „Collectiones“
1438 1423 1513 1452 oder

79 1465 241 1496 Collectae
271 1476 311 1494 zu
339 1465 400 1494 den
424 1467 550 1501 Horen,
581 1467 700 1496 welche
730 1465 792 1495 alle
816 1467 850 1494 in
873 1466 975 1495 Prosa
999 1466 1158 1505 abgefasst
1181 1466 1262 1494 sind.
1307 1466 1421 1504 Spiiter
1443 1466 1513 1494 eine

76 1507 177 1537 Reihe
194 1518 256 1536 von
273 1507 498 1541 Collectiones,
518 1508 591 1537 teils
608 1509 642 1537 in
657 1507 870 1548 gebundener,
894 1509 967 1537 teils
984 1509 1017 1537 in
1034 1508 1282 1547 ungebnndener
1299 1507 1449 1545 Sprache,
1474 1516 1514 1535 zu

77 1549 326 1579 verschiedenen
348 1549 460 1578 Teilen
484 1549 539 1579 des
559 1549 734 1579 Officiums.
772 1550 828 1578 Ich
851 1550 936 1579 lasse
959 1550 1123 1579 dieselben
1146 1550 1215 1579 hier
1237 1550 1285 1578 als
1309 1551 1378 1578 eine
1402 1549 1514 1578 zweite

76 1591 206 1630 Gruppe
243 1591 310 1620 sich
347 1591 578 1626 anschliessen,
615 1592 801 1621 verbunden
838 1593 898 1621 mit
934 1591 1173 1630 rhythmischen
1207 1592 1421 1621 Collectiones
1455 1600 1513 1619 aus

77 1632 216 1663 anderen
239 1632 383 1670 Quellen.

378 1829 453 1861 221.
489 1829 678 1862 Gossectae
701 1831 748 1862 ad
770 1830 896 1863 varias
920 1830 1046 1862 Officii
1068 1831 1211 1871 partes.

390 1981 419 2016 I.
461 1979 547 2017 Post
574 1979 757 2026 ,Laudato
783 1979 983 2014 Dominum
1013 1980 1054 2014 de
1080 1977 1210 2015 caelis‘.

378 2073 472 2108 Deus
500 2073 680 2116 altissime,
710 2083 773 2108 rex
801 2073 1014 2116 angelorum,

376 2125 482 2171 Deus,
512 2126 589 2160 laus
616 2126 768 2160 omnium
798 2125 1059 2172 elementorum,

378 2177 485 2218 Deus,
514 2178 625 2221 gloria
653 2182 688 2212 et
717 2178 904 2212 exsultatio
932 2182 1141 2223 sanctorum,

376 2230 521 2265 Custodi
548 2231 682 2265 animas
711 2240 889 2265 servorum
917 2234 1066 2266 tuorum.

371 2387 420 2422 ΙΙ.
463 2385 548 2420 Post
579 2385 758 2430 ,Laudato
787 2385 986 2420 Dominum
1018 2386 1060 2420 de
1087 2384 1220 2422 caelis&

374 2479 482 2520 Deus,
511 2488 611 2522 quem
640 2478 812 2512 exercitus
841 2478 933 2512 canit
962 2480 1154 2525 caelorum,

374 2532 550 2574 Quemque
578 2530 726 2564 ecclesia
753 2529 871 2564 laudat
900 2534 1113 2571 sanctorum,

375 2584 481 2624 Quem
511 2582 689 2627 hymnizat
717 2581 861 2624 spiritus
891 2582 1147 2627 universorum,

377 2634 557 2677 Miserere,
588 2634 742 2679 obsecro,
772 2634 922 2667 omnium
950 2638 1158 2671 nostrorum.

141 2697 164 2721 B
171 2697 182 2721 l
190 2704 210 2721 u
217 2704 247 2720 m
254 2704 270 2720 e
278 2715 285 2726 ,
303 2696 450 2721 Thesauri
466 2697 668 2729 hymnologici
685 2696 893 2727 Hymnarium‚
1290 2694 1326 2725 19
