1652 2872
191 1726 223 1760 1.

194 2224 215 2257 00

608 149 645 177 Β.
678 148 799 185 Hymni
821 147 860 176 de
882 148 1036 184 Tempore
1058 148 1193 185 Proprii.
1575 149 1620 185 87

704 289 758 323 8-3.
791 289 953 322 Sabbato
978 290 1129 323 Sancto.

728 399 733 404 ,
787 353 814 381 A
823 353 842 382 d
872 354 897 382 F
907 364 924 382 o
934 363 954 382 n
963 357 975 381 t
985 363 1001 382 e
1011 363 1051 382 m.

405 447 526 481 Gloria
553 445 679 481 victori
707 447 752 481 sit
781 446 920 481 Christo
948 447 1052 481 laude
1080 447 1237 491 perenni,

407 499 469 541 Qui
500 508 603 541 super
631 503 725 533 astra
753 503 882 540 manet,
914 499 1009 532 cuius
1038 499 1184 533 victoria
1212 500 1332 542 pollet.

407 551 477 584 Pro
505 551 625 584 mundi
650 550 726 584 vita
751 551 963 592 persolvitur
990 550 1104 584 hostia
1133 552 1227 593 viva,

400 603 508 645 Quam
536 612 629 636 mors
659 611 733 635 cum
762 602 915 645 mordet,
943 602 1039 635 necis
1066 603 1101 636 in
1131 613 1168 636 se
1197 603 1265 636 tela
1294 608 1485 646 retorquet,

351 657 370 690 5
402 654 469 688 Per
494 654 614 688 mortis
642 654 798 697 pretium
828 654 1041 688 Pharaonem
1071 655 1153 688 vicit
1182 655 1340 697 iniquum

399 706 446 740 Et
474 706 627 748 spolians
655 705 814 740 Erebum
843 706 942 739 nobis
973 706 1068 739 dedit
1097 711 1192 740 astra
1220 707 1394 748 polorum.

399 758 503 802 Ecce,
533 767 656 800 preces
684 762 838 801 nostras,‚
868 767 953 800 quas
982 756 1169 803 fundimus,
1198 758 1319 792 audiat
1346 759 1447 802 istas7

401 809 552 844 Cunctos
580 810 638 853 qui
666 808 802 852 proprii
831 820 891 844 nos
920 810 1097 852 sanguinis
1125 810 1235 844 abluit
1264 809 1379 844 undis

397 862 557 896 Moribus
586 866 760 906 ornatum,
789 861 982 896 Salomonis
1011 861 1106 895 fonte
1135 863 1322 905 repletum,

323 915 368 949 10
399 914 577 948 Poscimus
605 914 802 956 Anglorum
831 919 986 947 nostrum
1015 914 1126 947 salvet
1154 914 1340 949 basileum.

398 966 576 1000 Poscimus
606 970 639 999 et
666 969 825 1000 nostram
853 967 965 1000 salvet
993 966 1152 1001 Christus
1181 966 1353 1001 basileam

397 1017 558 1051 Nobilem
588 1023 691 1060 atque
719 1018 816 1060 piam
845 1018 1013 1060 gestantis
1044 1018 1214 1061 dogmatis
1242 1019 1385 1060 ydram.

401 1070 622 1104 Praesulibus
650 1068 780 1103 nostris
809 1069 974 1103 subiectis
1003 1079 1078 1102 oum
1107 1070 1173 1103 sibi
1201 1069 1285 1104 totis

398 1122 602 1164 Angligenis
630 1120 766 1155 eunetis
795 1121 962 1155 concedat
992 1122 1083 1155 <lona
1112 1121 1249 1156 salutis,

322 1174 367 1208 15
400 1173 528 1207 Nostro
556 1171 727 1217 pontifici,
759 1174 854 1207 cuius
883 1183 998 1207 sumus
1027 1174 1062 1207 in
1092 1172 1256 1215 dioecesi,

397 1225 465 1258 Det
493 1235 634 1268 regnum
664 1225 769 1268 vitae,
800 1236 867 1268 qua
894 1225 1031 1259 scandit
1059 1231 1093 1259 et
1120 1226 1206 1269 ipse⁷
1243 1234 1428 1267 supernae.

271 1328 389 1358 Pontif.
420 1338 477 1357 ms.
507 1330 730 1358 &Vintoniense
761 1338 842 1357 saec.
876 1328 922 1358 11.
937 1364 951 1368 ..
968 1329 1043 1358 Cod.
1074 1328 1249 1358 Londinen.
1280 1329 1387 1357 Vitell.
1420 1328 1446 1357 E
1479 1328 1550 1356 XII.
1588 1342 1622 1346 -

188 1370 351 1399 Abschrift
374 1379 437 1399 von
460 1370 502 1398 H.
525 1371 568 1399 M.
592 1371 772 1399 Bannister.
796 1386 836 1390 -—
852 1371 913 1400 Die
931 1371 1131 1400 Uberschrift
1154 1371 1267 1400 beruht
1290 1371 1433 1408 mangels
1455 1368 1544 1407 jeder
1561 1368 1624 1396 An-

188 1413 269 1450 gabe
291 1413 326 1440 in
349 1412 403 1440 der
426 1412 485 1440 Hs.
510 1413 566 1441 auf
584 1413 792 1451 Vermutung.

591 1577 645 1610 83.
681 1577 720 1608 Iu
743 1577 1030 1609 Remu-rectione
1054 1577 1217 1609 Domini.

759 1642 816 1670 Ad
845 1642 1063 1680 Vesperas.

266 1726 324 1760 Ad
354 1735 473 1760 cenam
501 1727 580 1769 agni
608 1726 758 1769 providi⁷

268 1779 374 1813 Stolis
401 1777 491 1812 albis
521 1779 674 1821 candidi,

267 1831 350 1864 Post
379 1830 562 1864 transitum
591 1830 696 1864 maris
725 1830 822 1863 rubri

269 1881 408 1916 Christo
437 1891 599 1916 canamus
626 1882 790 1925 principi.

270 1975 375 2010 Cuius
402 1984 539 2008 sacrum
569 1975 806 2018 corpusculum

270 2027 311 2060 In
339 2037 400 2060 ara
429 2027 541 2060 crucis
569 2027 753 2071 torridum,

273 2079 405 2113 Cruore
433 2079 505 2112 eius
533 2077 632 2113 roseo

273 2130 454 2165 Gustando
481 2130 628 2164 vivimus
656 2129 742 2173 Deo,

222 2250 230 2258 .
273 2223 426 2257 Protecti
454 2223 606 2265 paschae
634 2232 783 2265 vespero

270 2276 303 2309 A
332 2276 536 2309 devastante
563 2276 698 2319 angelo,

270 2327 397 2370 Erepti
425 2326 468 2360 de
498 2327 681 2360 durissimo

274 2378 464 2413 Pharaonis
490 2379 648 2420 imperio.

937 1728 971 1760 4.

942 1978 975 2009 5.

1001 1726 1074 1760 Iam
1084 1726 1214 1768 pascha
1224 1730 1381 1759 nostrum
1389 1725 1546 1759 Christus
1558 1728 1621 1769 est,

1003 1778 1065 1820 Qui
1093 1779 1290 1812 immolatus
1318 1788 1426 1820 agnus
1458 1781 1521 1818 est,

1004 1829 1222 1864 Sinceritatis
1250 1839 1371 1873 azyma

1005 1881 1094 1916 Caro
1123 1882 1195 1915 eius
1224 1881 1349 1915 oblata
1378 1886 1439 1916 est.

1006 1975 1033 2009 O
1062 1983 1144 2008 vere
1173 1974 1277 2017 digna
1304 1972 1431 2018 hostia,

1004 2027 1072 2060 Per
1099 2036 1199 2069 quam
1231 2024 1343 2059 fracta
1371 2029 1451 2059 sunt
1475 2027 1623 2065 tartara,

1004 2079 1200 2120 Redempta
1227 2077 1326 2119 plebs
1355 2077 1542 2119 captivata,

1004 2130 1157 2164 Reddita
1185 2130 1278 2163 vitae
1305 2129 1471 2172 praemia.

1005 2224 1089 2258 Cum
1120 2223 1229 2265 surgit
1261 2221 1417 2255 Christus
1445 2221 1588 2264 tumulo,

1005 2275 1130 2309 Victor
1158 2274 1248 2308 redit
1279 2273 1321 2307 de
1348 2273 1525 2315 barathro,

1006 2327 1206 2368 Tyrannum
1234 2325 1378 2359 trudens
1407 2325 1544 2359 vinculo

1006 2378 1050 2412 Et
1080 2387 1238 2412 reserans
1267 2376 1481 2419 paradisum.

571 2472 603 2506 7.
647 2471 871 2512 Quaesumus,
901 2474 1022 2505 auctor
1049 2471 1210 2515 omnium,

647 2523 687 2556 In
715 2523 779 2555 hoc
807 2522 963 2566 paschali
991 2522 1117 2564 gaudio

648 2573 704 2607 Ab
732 2575 823 2607 omni
852 2573 972 2607 mortis
999 2573 1131 2615 impetu

647 2625 755 2659 Tuum
787 2624 956 2659 defendas
985 2625 1159 2669 populum.
