1652 2872
143 127 218 164 290

508 126 588 155 Pars
610 126 653 155 H.
696 125 881 163 Hymnodia
902 125 1195 154 Hibemo-Celtica.

482 230 548 264 III.
590 229 675 264 Post
702 232 770 264 tres
797 230 964 266 Psalmos
991 225 1240 273 [148-150].

390 312 440 346 Te
469 312 513 346 de
541 312 646 346 caelis
675 312 860 347 Dominum
887 312 1069 346 laudamus

391 364 509 407 Teque
536 364 688 398 omnium
716 373 832 407 regem
861 373 979 406 regum
1007 372 1186 406 rogamus;

391 415 470 449 Tibi
497 416 557 450 uni
584 419 620 449 et
646 416 750 459 trino,
779 416 814 450 in
841 425 941 459 quem
970 424 1162 458 speramus,

393 467 478 501 Cum
507 467 656 502 excelsis
684 468 818 511 angelis
845 467 1010 510 hymnum
1040 471 1228 501 cantamus,

628 592 691 626 IV.
732 591 820 626 Post
847 591 1095 634 Evanyelz'um.

394 675 548 711 Canticis
577 674 818 718 spiritualibus
847 674 1005 708 dilectati

392 728 562 770 Hymnos,
591 726 742 769 Christe,
771 729 1002 760 consonantes
1030 726 1184 760 canimus
1212 725 1288 768 tibi,

392 778 524 821 Quibus
553 782 612 812 tua
640 778 803 812 maiestas
832 777 943 820 possit
970 777 1105 820 placari

393 830 519 866 Oblata
546 830 661 864 laudis
690 829 804 864 hostia
832 829 994 871 spiritali.

637 953 679 989 V.
721 953 807 988 Post
833 953 1083 997 Ecanyezmm.

391 1037 523 1071 Laudis
551 1036 698 1081 hymnus
725 1035 801 1081 tibi,
833 1036 991 1079 Domine,
1022 1036 1135 1070 hostia

390 1089 480 1124 Prae
509 1089 634 1122 ceteris
662 1087 832 1131 probatur
861 1098 937 1122 esse
965 1092 1130 1131 accepta3

391 1142 423 1176 A
451 1140 642 1176 maioribus
669 1150 752 1184 ergo
781 1141 826 1175 ad
854 1150 918 1174 nos
946 1141 1098 1175 traditos

391 1194 488 1228 Tuae
515 1193 691 1228 maiestati
719 1193 873 1227 canimus
902 1192 1061 1236 hymnos

630 1318 689 1354 VI.
733 1317 817 1352 Post
845 1317 1094 1361 Evanyelium.

393 1401 555 1436 Diluculo
584 1401 672 1435 lueis
701 1404 845 1436 auctore
874 1404 1078 1444 resurgente

391 1453 616 1488 Exsultemus
643 1453 679 1487 in
709 1453 858 1488 Domino
889 1453 1028 1488 devicta
1057 1457 1179 1496 morte,

393 1506 467 1548 Quo
494 1509 640 1548 peccato
667 1505 840 1548 possimus
869 1515 1006 1549 semper
1034 1505 1133 1540 obire

392 1557 562 1601 Vitaeque
589 1557 806 1593 ambulemus
834 1558 870 1592 in
899 1558 1064 1593 novitate.

640 1673 717 1709 VII.
759 1672 844 1708 Post
870 1673 1070 1717 Hymmum.

393 1758 471 1792 Lux
501 1760 580 1791 orta
608 1759 661 1791 est
688 1756 724 1790 in
751 1757 829 1791 luce
857 1757 971 1800 prima

392 1809 550 1844 Exordio
580 1808 715 1843 dierum
742 1808 885 1852 antiquo
913 1807 1019 1852 facta,

392 1861 602 1904 Unigenitus
630 1866 721 1905 tuus,
750 1861 908 1906 Domine,
940 1861 999 1904 qui
1027 1865 1147 1895 nostra

392 1912 547 1947 Abluere
576 1913 671 1948 venit
698 1922 762 1956 per
790 1923 928 1948 crucem
958 1916 1114 1957 peccata.

622 2027 723 2064 VIII.
764 2029 821 2062 De
847 2028 1081 2072 Martyribus.

395 2111 674 2155 Triumphalium
701 2121 871 2146 memores
899 2115 1092 2155 martyrum
1120 2115 1269 2152 tuorum,

396 2164 461 2206 Qui
489 2173 553 2207 pro
581 2166 615 2197 te
640 2164 793 2198 tolerare
822 2163 950 2197 vexilla
978 2164 1189 2207 passionum,

396 2216 597 2260 Precamur,
627 2218 665 2249 ut
691 2225 755 2258 per
782 2219 904 2250 sancta
930 2216 1055 2250 merita
1083 2216 1237 2258 ipsorum

396 2267 604 2301 Nostrorum
632 2267 767 2301 veniam
797 2277 991 2302 mereamur
1018 2271 1253 2310 peccatorum.

638 2381 701 2416 IX.
744 2381 826 2416 Post
856 2381 1085 2424 ‚Cantemus‘.

399 2462 503 2498 Plebs
529 2463 637 2498 Israel
664 2463 700 2498 in
728 2463 873 2508 figuram
901 2463 1012 2499 nostri

398 2514 585 2549 Liberatur
612 2515 648 2550 in
676 2516 827 2550 transitu
854 2516 983 2560 maris;

398 2567 470 2601 Nos
499 2576 580 2610 ergo
609 2577 672 2610 per
699 2568 846 2615 gratiam
875 2567 1041 2610 baptismi

397 2618 527 2653 Libera
554 2621 591 2652 tu
618 2619 662 2653 ab
691 2620 806 2654 exitiis
833 2619 965 2655 mundi.
