1652 2872
119 151 192 192 188
429 155 507 184 Pars
529 157 554 184 Ι.
599 156 717 192 Hymni
741 157 956 195 antiquissimi
979 165 1060 184 saec.
1083 155 1121 182 V.
1134 154 1221 182 -XL

199 258 320 295 Fragm.
354 268 409 287 ms,
442 259 609 295 Hymnarii
639 261 749 288 incert.
777 260 889 297 origin.
921 268 1001 287 eaeo.
1036 256 1080 286 10.
1133 255 1208 284 cod.
1240 255 1362 284 Bernen
1402 253 1455 282 ΑΑ
1484 251 1532 283 90.

114 297 199 337 (pars
227 297 283 334 19).
307 314 346 318 ——
369 299 414 328 Es
438 299 542 337 folgen
566 309 616 328 am
639 300 788 330 Schlusse
811 300 891 329 noch
915 299 1060 337 folgende
1084 299 1197 327 Verse:

488 383 613 411 cursim
636 384 743 421 peregi
767 383 917 412 carmina.

488 425 576 459 Quae
599 428 705 453 vestra
727 428 860 453 cernunt
883 424 1012 457 lumina,

487 465 610 494 Horum
634 466 785 504 patricior
806 464 838 501 (l.
863 466 1016 502 patrator)
1038 463 1179 502 postulat

488 506 602 536 Valere
624 509 655 536 te
678 516 734 545 per
758 507 895 535 saecula.

200 588 296 616 Diese
323 588 422 617 Verse
456 589 525 618 sind
559 590 634 618 aber
669 600 742 618 vom
771 591 916 627 Hymnus
950 589 1047 617 durch
1082 588 1133 617 ein
1159 586 1179 621 †
1206 590 1351 624 getrennt
1383 584 1448 614 und
1481 585 1538 613 mit

117 628 227 657 Recht.
257 645 293 649 —
319 630 384 658 Der
408 630 468 658 Stil
499 630 602 660 dieses
626 632 771 668 Hymnus
803 630 898 659 sticht
927 640 990 659 von
1015 630 1121 667 jenem
1151 629 1205 657 der
1228 629 1377 666 Hymnen
1399 627 1454 655 Nr.
1479 624 1538 654 162

116 670 180 698 und
205 668 263 699 163
286 671 441 700 merklich
463 673 522 709 ab3
545 673 612 701 also
636 672 718 701 wohl
742 673 792 701 ein
816 671 949 700 anderer
971 671 1104 700 Auktor.

480 866 553 898 165.
587 867 628 897 In
652 875 682 899 s.
707 865 882 898 Iohannis
905 865 1176 904 Evangelistae.

121 982 154 1017 1.
197 983 293 1017 Caeli
319 982 411 1016 cives
439 983 474 1016 in
503 982 629 1025 gaudio
863 983 897 1016 4.
939 982 992 1016 De
1020 990 1163 1024 quorum
1192 980 1358 1015 dicendus
1386 979 1486 1014 nobis

194 1034 377 1068 Manentes
405 1044 519 1068 coram
549 1034 706 1077 Domino,
939 1033 1002 1067 Est
1031 1042 1121 1066 nunc
1148 1042 1234 1066 unus
1263 1031 1436 1066 consortio

198 1086 306 1119 Voces
335 1095 455 1119 suaves
484 1084 620 1120 fundite
942 1084 1089 1119 Nomine
1117 1083 1288 1118 Iohannes
1318 1083 1443 1125 dictus,

196 1137 240 1170 Et
269 1137 344 1170 Deo
371 1137 492 1171 laudes
521 1138 644 1172 canite.
940 1136 1062 1170 Gratia
1091 1135 1156 1170 Dei
1185 1139 1336 1172 vocatus.

120 1252 154 1285 2.
198 1251 363 1284 Laetetur
391 1254 425 1284 et
453 1251 599 1285 ecelesia
869 1255 900 1286 5.
944 1251 1046 1284 Hune
1073 1249 1227 1284 salvator
1255 1249 1425 1283 eastitatis

197 1303 266 1336 Per
292 1306 488 1336 sanctorum
515 1303 695 1337 sollemnia
944 1303 1082 1337 Clarum
1111 1311 1175 1344 pro
1203 1301 1386 1344 privilegio

197 1354 243 1387 Et
271 1354 305 1387 in
334 1354 467 1388 sonoris
496 1354 652 1388 cantibus
945 1355 997 1388 De
1025 1353 1175 1397 pectoris
1203 1354 1256 1387 sui
1284 1353 1395 1387 sancti

198 1406 336 1439 Laudes
366 1406 457 1440 dicat
485 1406 608 1439 summi
637 1407 739 1449 regis,
944 1405 1048 1440 Claro
1077 1403 1171 1439 fonte
1201 1405 1407 1447 repleverat,

122 1521 155 1555 3.
198 1519 261 1562 Qui
292 1520 378 1553 caeli
406 1524 588 1563 terraeque
616 1524 730 1554 rector
866 1523 899 1555 6.
945 1520 1045 1556 Unde
1073 1520 1182 1554 multa
1209 1519 1355 1554 satiatus

198 1572 253 1605 Ad
283 1572 464 1606 terrestria
493 1572 707 1606 descendens
943 1573 1163 1607 secretorum
1191 1571 1376 1606 dulcedine

197 1625 293 1658 lnter
320 1624 475 1657 homines
504 1624 632 1658 electos
943 1624 989 1658 Et
1017 1624 1052 1658 in
1082 1623 1186 1657 caelis
1215 1627 1250 1657 et
1276 1623 1312 1657 in
1341 1623 1443 1658 terris

195 1675 268 1709 Sibi
297 1675 409 1709 iunxit
437 1676 626 1719 apostolos.
945 1677 1058 1711 Multa
1087 1675 1161 1709 visa
1189 1675 1369 1710 eructavit.

493 1791 512 1803 ρ

497 1802 525 1825 1.
566 1790 655 1824 Inde
683 1789 757 1824 Deo
786 1790 860 1824 laus
886 1789 932 1823 sit
959 1798 1100 1833 semper

568 1842 663 1877 Patri
692 1851 825 1876 necnon
854 1845 887 1874 et
916 1841 988 1875 filio

568 1894 646 1929 Una
675 1903 749 1928 cum
778 1893 904 1936 spiritu
935 1896 1055 1929 sancto
1116 1915 1124 1921 ·

570 1947 610 1980 In
639 1946 850 1988 sempiterna
878 1945 1027 1980 saecula.

203 2060 332 2089 Collect.
368 2070 424 2089 ms.
459 2060 646 2089 Monasterii
686 2069 726 2088 SS.
762 2060 848 2088 Petri
882 2063 913 2089 et
944 2059 1038 2088 Pauli
1074 2059 1370 2099 wissenburgensis
1405 2068 1486 2088 saec.
1519 2056 1547 2088 9.

120 2101 194 2130 Cod.
219 2101 498 2138 Guelfenbyteran.
520 2100 604 2130 4150
624 2099 674 2133 (66
699 2100 937 2139 Weissenburg)
965 2101 1036 2130 add.
1066 2110 1148 2130 saec.
1176 2099 1221 2130 11.
1247 2117 1285 2120 —
1307 2101 1374 2130 Aus
1407 2100 1549 2139 gleieher

121 2141 234 2176 Quelle
258 2143 308 2171 bei
331 2142 507 2171 Milchsack
532 2144 557 2177 Ι,
580 2140 608 2170 2.
632 2158 671 2161 ——
694 2142 801 2171 Inhalt
823 2142 887 2171 und
904 2143 997 2171 Form
1020 2142 1131 2172 stehen
1155 2144 1228 2172 weit
1249 2143 1356 2171 hinter
1373 2141 1471 2180 jenen
1492 2141 1548 2171 der

119 2183 401 2220 vorhergehenden
423 2183 728 2220 Johanneshymnen
751 2183 882 2212 zuriick.

472 2377 545 2410 166.
579 2377 620 2409 In
645 2387 693 2410 ss,
718 2377 892 2410 Iohannis
916 2377 953 2409 et
977 2377 1091 2410 Pauli
1114 2377 1200 2410 MM.

373 2485 405 2519 1.
450 2483 569 2518 Gloria
600 2484 724 2527 dignos
753 2484 896 2518 colimus
924 2483 1124 2526 triumphos

452 2535 761 2570 Sacrosanctorum
792 2535 989 2570 venerando
1018 2533 1182 2577 fratrum,

450 2587 555 2620 Festa
584 2586 748 2621 Iohannis
777 2587 976 2629 pariterque
1004 2583 1107 2619 Pauli

622 2638 742 2671 Laude
767 2647 904 2672 sonora.
