1652 2872
222 151 264 182 II.
298 152 347 180 De
367 151 503 181 Sanctis.
526 165 565 171 -
587 150 624 179 B.
656 150 777 188 Hymni
800 148 839 177 de
861 148 986 178 Sanctis
1009 149 1146 188 Proprii.
1191 151 1240 180 De
1263 161 1286 180 s.
1310 151 1468 181 Simeone.
1533 151 1608 188 223

521 313 594 346 192.
628 312 670 344 111
692 320 723 344 s.
746 311 911 344 Remacli
935 312 1179 347 'trajectensis
1203 316 1266 355 Ep.

369 415 400 446 1.
442 411 574 446 Lumen
602 411 792 450 aeternum,
821 407 1021 442 moderator
1048 414 1253 453 temporum,

443 462 545 497 Alme
572 460 739 494 bonorum
768 463 980 502 propagator
1008 461 1171 506 omnium,

444 513 598 548 Palmam
626 511 766 545 invictis
794 511 945 554 largiens
973 512 1156 556 militibuS,

442 565 506 608 Qui
534 568 568 597 te
595 566 786 606 sequuntur
813 563 960 597 laureati
989 564 1113 607 gloria,

367 673 400 704 2.
443 669 588 703 Festum
618 666 770 700 colentes
799 666 849 700 tui
877 667 967 700 sacri
996 668 1168 710 praesulis

441 719 579 755 Laudes
608 718 725 752 devoti
752 717 817 752 tibi
844 718 920 752 Deo
949 720 1112 766 canimus,

443 771 547 806 Cuius
576 771 718 805 obtentu
747 779 942 804 mereamur
969 773 1140 806 scan'dere

443 823 568 858 Aulam
598 822 812 867 praecelsam
843 832 918 856 cum
948 824 1123 868 triumpho
1152 826 1315 862 muneris,

368 930 402 964 3.
444 927 495 962 Te
522 937 613 961 nunc
642 936 792 967 oramuS‚
822 931 941 960 sancte
968 927 1034 962 Dei
1064 928 1232 973 pontifex,

444 981 564 1023 Posce,
593 982 630 1013 ut
658 979 757 1013 nobis
786 978 961 1012 tribuatur
989 980 1088 1014 venia

449 1031 589 1066 Cunctis
619 1031 771 1065 subactis
800 1030 962 1065 vitiorum
991 1031 1156 1078 sentibus,

444 1085 560 1127 Atque
588 1083 751 1127 perennis
780 1088 948 1125 augeatur
974 1084 1099 1126 gratia.

367 1192 399 1224 4.
442 1188 549 1223 Nulla
577 1197 638 1221 nos
667 1187 788 1222 mortis
816 1187 972 1221 saucient
1000 1186 1166 1231 facinora,

445 1241 567 1274 Procul
596 1242 742 1282 peccata
770 1238 947 1282 pellantur
975 1244 1009 1273 et
1038 1241 1193 1277 vulnera.

443 1293 564 1327 Hostis
591 1291 759 1325 caedatur
787 1300 863 1324 cum
893 1295 1017 1326 conatu
1047 1293 1216 1337 improbo,

446 1345 582 1389 Speque
611 1343 733 1377 salutis
763 1341 946 1378 foveantur
974 1345 1141 1388 languidi.

369 1452 403 1485 5.
447 1450 572 1484 Sancte
600 1449 774 1491 Remacle‚
805 1448 932 1483 nostris
963 1447 1043 1484 fave
1073 1449 1236 1493 precibus

445 1502 536 1536 Vota
564 1504 763 1535 cunctorum
792 1501 965 1535 maiestati
993 1500 1151 1544 offerens,

447 1553 591 1596 Sintque
620 1553 793 1587 coniuncti
821 1553 1022 1596 angelorum
1051 1553 1201 1592 milibus,

447 1605 579 1647 Quique
609 1605 726 1640 devoti
754 1610 849 1640 tuum
878 1603 1004 1639 festum
1034 1605 1224 1641 celebrant.

371 1712 405 1746 6,
448 1711 553 1753 Laus,
581 1709 701 1755 honor,
735 1709 843 1744 virtus
872 1712 975 1753 atque
1002 1710 1192 1744 modulatio

448 1762 545 1797 Patri
573 1766 723 1805 natoque
752 1762 853 1796 simul
883 1766 915 1794 et
944 1762 1126 1805 paraclito,

447 1814 512 1856 Qui
542 1814 740 1848 dominatur
767 1814 878 1848 trinus
908 1819 941 1847 et
970 1824 1056 1848 unus
1085 1814 1191 1857 Deus,

447 1866 494 1900 Et
522 1875 665 1909 regnum
694 1867 766 1899 eius
794 1866 829 1899 in
857 1870 1000 1909 aeterna
1029 1867 1177 1900 saecula.

265 1960 343 1988 Acta
372 1960 429 1988 SS.
459 1958 604 1988 Bolland.
634 1959 722 1996 Sept.
749 1959 781 1994 Ι,
811 1957 888 1995 671;
920 1960 978 1987 mit
1007 1959 1062 1988 der
1093 1959 1239 1997 gleichen
1261 1959 1523 1997 Quellenangabe
1554 1960 1614 1988 wie

182 2002 265 2031 heim
289 2001 569 2039 vorhergehenden
591 2001 748 2039 Hymnus.

530 2145 600 2176 133.
634 2143 674 2175 In
699 2153 729 2177 s.
754 2143 934 2177 Simeonis
958 2144 1274 2177 Padoliranensis.

487 2243 518 2277 1.
562 2241 699 2275 Emicat
725 2241 817 2276 alma
845 2241 930 2285 dies,
960 2241 1108 2275 Domino

563 2293 706 2328 Cantica
733 2293 875 2336 pangite
904 2303 980 2327 cum
1007 2293 1126 2335 iubilo,

561 2347 635 2387 Qua
663 2345 812 2388 Simeon,
842 2354 941 2378 sacer
966 2345 1164 2389 eremitans,

563 2397 663 2431 Celsa
691 2397 814 2440 palatii
841 2396 979 2430 scandit
1007 2407 1125 2433 ovans,

485 2503 519 2537 2.
562 2501 749 2536 stemmate
776 2499 903 2534 nobilis
931 2499 1056 2534 eximio

563 2553 746 2588 Schemate
772 2552 908 2586 vixerat
939 2552 1088 2595 egregio,

563 2605 693 2639 Terrea
720 2604 821 2646 liquit
849 2612 965 2637 amore
992 2603 1070 2645 Dei,

564 2658 712 2693 Pectore
740 2665 877 2699 semper
904 2655 1063 2690 adhaesit
1088 2655 1129 2690 ei.
