1652 2872
68 153 141 190 156
379 153 458 181 Pars
481 153 505 181 Ι.
541 153 662 189 Hymni
685 155 900 192 antiquissimi
923 164 1004 185 saec.
1026 155 1164 184 V.—XI.

196 257 322 291 Omnes
350 255 508 299 martyrii
537 257 686 298 palmam
715 258 773 300 qui
802 258 900 292 fertis
928 259 1089 303 alacrem,

248 307 318 341 Vos
345 307 444 341 nobis
470 307 653 342 Dominum
683 310 865 344 conciliate
893 310 997 352 pium.

121 361 166 394 25
198 359 357 401 Gregori‚
386 359 549 402 Martine,
580 360 660 403 Leo,
691 361 867 407 Silvester,
898 361 1068 407 Amaude,

248 410 385 453 Vosque
413 411 622 456 sacerdotes,
653 413 849 446 continuate
877 422 1010 456 preceS.

195 463 312 504 Agnes
339 469 443 505 atque
469 462 635 506 Agathes,
667 463 827 507 Caecilia,
859 465 989 508 Prisca,
1020 464 1137 510 Lucia,

249 514 385 548 Poscite
413 524 476 556 pro
506 514 606 548 nobis
635 525 711 548 cum
739 516 880 558 reliquis
909 516 1023 550 sociis.

195 565 405 599 Cunctorum
433 566 567 608 pariter
594 571 791 601 sanctorum
820 571 940 601 sancta
968 572 1119 611 caterva,

119 618 166 651 30
247 618 316 652 Pro
344 617 442 651 nobis
470 627 530 651 ora
559 627 620 651 nos
650 617 859 661 fragilesque
887 618 976 653 iuva.

198 669 392 711 Propitiare
420 669 488 702 tuis
517 667 671 710 famulis,
700 675 736 702 tu
761 673 879 703 sancte
907 670 1119 712 redemptor.

196 722 227 754 A
257 721 400 762 cunct-is,
430 731 449 753 0
477 720 625 762 Christe,
654 720 755 754 malis
783 731 845 754 nos
873 724 1016 764 protege
1043 722 1148 756 mitis.

196 774 312 815 Atque
340 776 398 806 tua
426 782 527 806 cruce
555 771 722 816 salvifica,
751 772 913 817 salvator,
944 773 987 806 ab
1015 772 1101 815 ipsis

196 825 315 868 Eripe,
347 823 492 867 custodi,
524 822 577 856 fer
604 833 716 865 opem,
747 823 907 865 defende,
938 828 1046 859 tuere.

119 877 165 910 35
197 876 223 910 O
254 876 337 917 Dee,
368 885 430 909 nos
457 875 624 909 miserans
653 875 797 909 miseros
825 875 919 918 audi,
950 879 984 908 te
1011 886 1180 919 rogamus¹

196 928 248 962 Tu
276 937 455 961 removens
483 926 569 960 iram
599 936 719 968 pacem
746 926 875 969 largire
904 926 1060 969 benigne.

196 980 358 1022 Optatam
386 978 499 1021 nobis,
529 978 606 1012 Iesu
635 977 787 1011 concede
815 978 982 1021 salutem,

199 1030 416 1072 Temperiem
446 1033 564 1063 nostro
593 1056 601 1065 .
633 1058 641 1065 .
671 1057 678 1064 .
709 1029 800 1063 aeris
831 1057 838 1064 .
869 1056 877 1064 .
948 1059 955 1066 .

198 1082 251 1115 Da
278 1086 392 1115 terrae
421 1080 553 1115 fructus
582 1084 733 1124 nostrae,
763 1081 979 1123 commercia,
1009 1082 1142 1126 victus,

120 1135 166 1168 4⁴)
198 1133 340 1168 Grando
368 1133 488 1177 procul
517 1131 638 1176 fugiat,
667 1136 856 1175 tempestas
884 1133 980 1166 nulla
1008 1131 1149 1177 fatiget;

198 1185 249 1219 Tu
279 1184 368 1218 mala
389 1187 512 1218 cuncta
541 1184 631 1226 fuga,
662 1188 698 1218 tu
726 1195 895 1227 prospera
924 1190 1048 1219 cuncta
1076 1184 1246 1221 ministra.

200 1237 401 1271 Pontificem
429 1235 501 1281 [pie
526 1236 622 1269 illum
651 1233 821 1283 nostrum]
852 1240 899 1279 tu,
930 1237 1081 1277 Christe,
1110 1240 1217 1274 tuere.

197 1288 360 1322 Ecclesia
386 1298 449 1331 per
476 1291 522 1330 te,
554 1288 596 1322 de
624 1291 658 1321 te
686 1288 847 1329 laetetur,
876 1293 914 1322 ut
939 1289 1022 1322 inde

200 1340 360 1375 Gaudeat
389 1343 506 1383 empta
535 1344 591 1374 tuo
620 1340 719 1382 plebs
748 1340 925 1383 sanguine,
956 1340 1096 1375 Christe
1124 1340 1280 1384 benigne.

152 1432 282 1462 Collect.
313 1442 370 1461 ms.
394 1433 504 1463 incerta.
529 1433 644 1470 origin.
669 1441 749 1461 saec.
775 1430 855 1462 ¹⁰l11.
903 1432 978 1465 Cod,
1004 1433 1185 1463 Berolinen.
1207 1434 1302 1463 vulo
1328 1432 1395 1463 155.
1419 1449 1455 1453 ——
1479 1432 1500 1462 4

69 1474 117 1502 Tu
141 1475 269 1503 nostris.
293 1490 331 1494 —
357 1472 394 1502 12
417 1475 568 1503 iuvamen
591 1483 666 1511 opes
687 1473 801 1513 (gagen
824 1474 884 1503 den
907 1474 1132 1510 Binnenreim).
1155 1491 1195 1494 —
1218 1473 1258 1503 24
1273 1477 1317 1505 Ut
1338 1475 1442 1504 nobis.
1458 1491 1496 1495 ——

70 1513 110 1543 40
133 1516 250 1545 Grana.
288 1531 314 1535 —
338 1513 377 1544 42
402 1515 603 1553 Porticipem.
630 1531 666 1535 --
690 1517 755 1544 Der
771 1515 898 1545 Schluss
921 1515 976 1544 der
1000 1516 1138 1545 ohnehin
1161 1516 1249 1546 stark
1274 1516 1497 1555 beschiidiglen

69 1556 232 1596 Dichtung
264 1558 308 1586 ist
336 1566 396 1586 nur
423 1557 504 1586 noch
528 1557 739 1587 stellenweise
761 1557 881 1587 lesbar:
915 1579 940 1593 „.
966 1580 972 1586 .
997 1579 1004 1586 .
1028 1558 1144 1597 largire
1166 1568 1334 1597 perennem
1358 1581 1364 1587 .
1389 1580 1395 1586 .
1421 1581 1426 1586 .
1451 1568 1499 1587 ro-

70 1607 181 1635 gamus
206 1620 212 1626 .
237 1622 243 1628 .
269 1621 274 1627 .
299 1602 330 1628 et
353 1608 446 1636 parce
469 1598 640 1636 redemptis
664 1620 671 1627 .
696 1620 703 1627 .
728 1621 735 1627 .
759 1599 844 1634 audi,
868 1601 930 1629 iam
952 1601 1074 1637 parcito
1091 1601 1202 1630 nostri.
1241 1600 1368 1629 Christe
1383 1599 1497 1629 exaudi

70 1649 138 1669 nos.
182 1641 282 1678 Kyrie
305 1638 454 1669 eleison.“

154 1682 272 1711 Soweit
301 1682 352 1711 die
375 1682 543 1713 Distichen
572 1681 699 1712 reichen
726 1683 787 1717 (bis
812 1682 891 1711 Vers
919 1680 988 1718 30),
1015 1684 1100 1721 zeigt
1120 1682 1174 1712 der
1196 1683 1397 1713 Pentameter
1419 1685 1497 1712 stets

71 1723 288 1753 Binnenreim.
311 1739 351 1744 —-
374 1724 436 1752 Die
459 1723 621 1762 Dichtung
643 1725 685 1753 ist
707 1725 778 1754 eine
803 1724 910 1753 bisher
933 1724 1107 1754 unedierte.

510 1887 585 1921 134.
618 1888 661 1920 In
684 1888 836 1921 sanctae
859 1888 1040 1928 Agathae.

322 1985 355 2020 1.
398 1983 579 2029 Martyris,
608 1993 699 2029 ecce,
729 1984 803 2019 dies
832 1983 992 2027 Agathae

399 2037 552 2080 Virginis
580 2037 704 2070 emicat
733 2036 893 2078 eximiae,

396 2090 473 2130 Qua
501 2087 568 2122 sibi
597 2088 754 2122 Christus
783 2098 858 2122 eam
886 2088 995 2123 sociat

397 2140 445 2174 Et
470 2139 630 2174 diadema
659 2140 789 2182 duplex
818 2140 971 2177 decorat.

323 2235 355 2267 2.
399 2232 516 2274 Stirpe
546 2233 682 2274 decens,
713 2233 852 2276 elegans
878 2233 1007 2276 specie,

401 2283 469 2317 Sed
497 2284 606 2327 magis
634 2284 768 2319 actibus
796 2287 899 2327 atque
926 2284 1006 2330 fide,

403 2335 535 2369 Terrea
561 2345 731 2378 prospera
758 2336 807 2370 nil
836 2340 1011 2383 reputans,

403 2384 503 2421 Iussa
531 2387 596 2421 Dei
625 2387 691 2421 sibi
720 2388 825 2422 corde
851 2388 976 2433 ligans,

324 2481 358 2514 3.
401 2479 541 2513 Fortior
569 2479 654 2513 haec
681 2480 904 2524 trucibusque
931 2481 1015 2515 viris

399 2531 572 2574 Exposuit
599 2541 661 2566 sua
688 2532 842 2567 membra
869 2531 1006 2578 flagris,

405 2583 550 2617 Pectore
578 2593 678 2625 quam
708 2582 821 2618 fuerat
849 2584 977 2628 valido,

403 2634 510 2668 Torta
537 2635 690 2669 mamilla
719 2637 819 2670 docet
845 2635 977 2678 patulo.
