1652 2872
162 131 202 160 ΙΙ.
237 131 286 160 De
309 130 446 161 Sanctis.
467 146 509 150 —-
531 131 566 159 Β.
598 129 719 167 Hymni
742 127 781 158 de
803 127 930 158 Sanctis
952 129 1088 166 Proprii.
1134 130 1180 159 De
1202 139 1226 158 s.
1249 129 1410 159 Medardo.
1475 128 1550 166 203

120 237 182 263 ten.
214 233 282 263 717.
306 235 345 263 Χ.
376 250 413 254 —
444 233 543 262 Psalt.
572 235 602 262 et
624 233 742 269 Hymn.
772 241 827 260 nls.
852 233 1058 262 Ostroviense
1087 234 1163 262 anni
1198 231 1286 262 1174.
1338 234 1414 263 Cod.
1445 233 1548 271 Capit.

120 275 253 313 Pragen.
277 276 304 304 A
334 273 382 304 57.
414 275 484 304 add.
515 283 597 303 saec.
624 271 669 302 14.
693 274 736 301 in.
760 274 795 302 Y.
819 289 859 293 —
881 273 974 302 Brev.
997 283 1053 302 ms.
1077 275 1249 304 Turieense
1273 283 1354 304 saec.
1380 273 1426 303 15.
1472 275 1547 305 Cod.

121 317 302 355 Sangallen.
328 315 398 346 526.
420 317 453 345 Ζ.
477 332 517 335 ——
538 316 650 344 Dium.
675 318 705 343 et
726 315 844 351 Hymn.
867 324 924 342 ms.
948 315 1189 345 Benedictinum
1206 316 1372 345 Suecicum
1396 326 1477 345 saec.
1503 315 1550 345 15.

120 359 195 388 Cod.
221 359 372 397 Upsalen.
397 359 420 387 C
442 355 503 386 477
527 364 558 386 a.
583 371 619 376 -
641 357 733 384 Brev.
752 355 1028 394 Magdeburgense
1051 359 1141 395 impr.
1159 359 1287 395 Lipsiae
1302 359 1436 393 (Lotter)
1460 356 1548 387 1513.

120 398 150 429 b.
175 417 215 420 —
240 401 330 429 Brev.
355 400 555 437 Augustense
586 399 660 435 imp.
683 397 817 426 Taurini
840 398 924 433 (Ant.
950 398 1106 433 Ranotus)
1137 397 1225 427 1533.
1254 406 1282 429 c.
1308 417 1347 420 —
1371 400 1549 429 BIORSZY

120 448 142 471 a
165 440 186 471 b
210 449 228 471 c
251 441 323 470 sind
345 440 432 470 nicht
453 440 681 468 kollationiert.

206 482 240 518 l,
269 482 287 511 5
317 483 379 511 sibi
406 485 531 520 gratum
553 479 772 510 FHKLMNT.
802 497 842 500 —
865 481 927 508 Str.
956 479 975 507 2
1004 490 1034 508 u.
1064 480 1093 508 ff.
1124 480 1229 509 fehlen
1252 482 1300 517 H,
1331 482 1385 511 der
1408 483 1485 512 Rest
1508 483 1550 511 ist

120 524 397 562 weggeschuitten.
421 539 461 542 —
483 520 518 556 2,
552 521 566 550 1
599 521 659 551 fide
682 526 797 551 tectam
823 521 972 551 CFNPU.
998 537 1037 541 -—
1060 520 1095 555 2,
1127 520 1145 550 2
1169 523 1317 560 gestabat
1338 525 1414 558 MT,
1445 528 1550 562 gestat

121 567 214 599 FKL,
239 570 368 604 portans
392 564 458 593 PU.
485 579 521 582 —
548 561 575 598 2,
598 562 616 591 5
641 566 671 592 et
693 567 857 592 consortes
880 563 950 592 MP.
974 579 1014 584 —-
1038 561 1065 598 2,
1091 563 1108 592 6
1132 564 1283 592 invitaret
1306 565 1347 598 P;
1373 568 1547 602 praemium

120 608 281 644 MPQUX.
307 624 345 627 —
368 604 396 639 3,
421 604 435 634 1
459 614 538 643 quos
561 605 691 634 vocavit
705 605 763 634 FS.
786 621 825 624 —
849 602 877 639 3,
900 602 919 633 3
943 614 1050 633 omnes
1075 605 1174 633 simus
1190 605 1228 633 N.
1251 622 1292 627 ——
1315 603 1343 640 3,
1367 605 1386 634 4
1408 608 1549 636 mirabili

120 650 158 679 K.
182 666 222 668 —
244 647 271 683 3,
295 646 313 676 6
336 648 528 686 properabat
550 646 587 674 N.
611 662 652 666 —
672 645 703 681 4,
728 645 743 674 1
768 646 929 684 spiritales
953 646 1012 675 FP.
1038 662 1077 665 —-
1100 645 1128 679 4,
1153 644 1171 674 2
1195 646 1314 675 Christi
1338 652 1492 685 martyres
1510 650 1548 677 N.

119 707 158 711 —
181 689 210 725 4,
234 689 253 720 3
275 690 365 728 quasi
389 698 490 728 agnus
514 687 761 724 DFKNQTUX.
785 704 826 707 —
847 687 876 718 4,
899 686 917 715 5
940 687 1165 734 Triumphavit
1186 688 1222 723 P,
1246 688 1478 727 Triumphabat
1502 690 1548 726 U3

119 728 648 810 glgltglaftjloffeipendssntfiri-rnffdg,
661 730 937 801 Salpslffbgsstgndo
964 727 1309 805 gficgeptgml—Stsogtmll
1331 732 1492 801 ggglliiltulissi
1510 773 1548 802 K.

118 831 159 834 —
181 814 215 847 6,
246 812 265 842 2
286 816 463 842 monstrant
486 813 522 849 Q.
546 828 585 831 —
609 811 644 848 6,
674 812 694 842 3
717 814 787 849 Qua
810 813 934 847 ACDG,
960 814 1021 849 Qui
1043 813 1106 842 PT.
1130 828 1169 832 —-
1193 812 1228 847 6,
1254 811 1273 841 6
1295 814 1383 842 visus
1407 814 1549 844 redditur

119 855 272 890 CDFKU,
295 855 444 894 penditur
466 855 502 889 L,
526 855 704 884 refunditur
727 856 762 892 Q.
785 871 826 874 —
848 854 937 884 Naeh
962 855 1023 884 Str.
1047 854 1065 885 6
1089 855 1157 893 ffigt
1180 855 1208 885 G
1231 856 1298 884 ein:

303 918 365 948 His
389 922 419 947 et
441 918 520 947 festo
545 919 708 953 sociatum,
732 918 855 951 fratres,
879 918 960 947 melo
985 919 1160 947 carminum

303 960 484 998 Pangamus
508 959 628 988 Christi
649 959 774 989 fidelem
795 961 866 995 (Hs.
889 959 989 998 pium)
1010 959 1247 988 Emmeramum
1269 963 1450 998 martyrem,

306 1001 367 1037 Qui
391 1011 446 1039 per
467 1001 609 1030 membra
631 1005 745 1030 cuneta
768 1011 878 1030 caesus
902 1001 1026 1030 scandit
1049 1004 1133 1030 astra
1156 1001 1292 1030 lucidus

118 1062 152 1098 7,
184 1061 197 1092 1
222 1063 313 1092 Tunc
335 1064 369 1093 P.
393 1080 432 1084 -
457 1062 492 1098 7,
522 1062 540 1092 5
565 1064 665 1100 Quem
691 1064 813 1093 amavit
835 1073 928 1101 quem
951 1064 1103 1103 cognovit
1126 1064 1202 1101 DX,
1234 1065 1266 1093 iu
1289 1073 1352 1103 quo
1376 1068 1487 1103 regnat
1509 1065 1548 1093 N.

117 1121 156 1125 ——
180 1104 207 1139 7,
231 1103 250 1134 6
273 1105 352 1134 Cum
374 1115 436 1143 quo
460 1108 572 1143 regnat
596 1107 751 1144 perpetim
773 1107 820 1139 X}
844 1109 874 1134 et
894 1107 928 1134 in
951 1106 1079 1135 saecula
1101 1106 1138 1141 Q.

199 1146 272 1185 Vgl.
304 1146 406 1176 Catal.
430 1146 526 1176 Codd.
550 1147 705 1186 Hagiogr.
728 1147 812 1176 Bibl.
836 1147 1057 1176 Bruxelleneis
1080 1146 1258 1186 (Appendix
1281 1147 1377 1176 Anal.
1402 1147 1548 1176 Bolland.

117 1187 182 1223 V),
211 1197 241 1225 p.
273 1186 351 1223 544,
379 1198 426 1217 wo
457 1188 512 1217 der
534 1189 680 1226 Hymnus
710 1198 768 1218 aus
791 1189 819 1217 N
849 1189 1021 1227 mitgeteilt
1050 1190 1100 1218 ist.
1124 1204 1162 1208 —
1186 1190 1248 1218 Die
1271 1189 1407 1225 Quelleu
1432 1191 1548 1218 weisen

117 1229 263 1258 sichtlich
287 1230 344 1259 auf
361 1227 590 1259 Deutsehlaml
612 1230 659 1259 als
683 1230 734 1260 die
756 1231 1037 1269 Ursprungsstatte
1061 1231 1165 1260 dieses
1189 1232 1346 1268 Hymnus.

582 1425 657 1459 179.
690 1425 732 1458 111
754 1425 875 1458 sancti
898 1426 1079 1458 Medardi.

540 1502 719 1540 Hymnus
744 1501 972 1541 Chilperiei
996 1504 1119 1540 regis

118 1627 150 1661 1.
191 1626 285 1661 Deus
314 1627 494 1662 mirandae
521 1628 659 1662 virtutis
866 1630 902 1665 5.
944 1628 1119 1663 Probatus
1147 1632 1199 1663 est
1226 1633 1263 1663 ut
1292 1629 1469 1664 metallum

192 1680 316 1713 Almae
342 1680 378 1714 in
407 1680 535 1714 sanctis
563 1680 778 1725 proceribus,

191 1731 358 1766 Armatus
386 1732 500 1766 saltim
532 1732 642 1766 currit
662 1733 758 1767 *aulis

193 1783 356 1827 Undique
384 1788 501 1818 coetus
529 1785 693 1828 gentium,

145 1934 152 1942 .
195 1907 437 1950 Crispantibus
465 1908 610 1942 hausisti
637 1908 789 1951 nimphis

192 1958 338 1993 Fontem
370 1970 412 1994 ex
440 1960 543 1994 undis
572 1960 732 2005 turgidis,

191 2010 248 2045 Ab
276 2016 377 2054 gente
401 2022 503 2046 seusu
532 2013 678 2046 rudente

193 2063 390 2107 Segregasti
417 2064 620 2100 antistitem.

143 2214 150 2221 .
194 2185 363 2230 Profugns
392 2188 437 2222 ad
462 2197 563 2222 sacra
582 2189 667 2231 petit
688 2189 797 2232 prolis

194 2240 342 2273 Peccata
370 2240 527 2283 linquere
555 2241 726 2284 imaginis,

194 2290 242 2325 Ut
270 2300 411 2334 coprum
440 2293 574 2335 respuit
601 2303 703 2327 ornas

194 2342 361 2385 Gentiles,
389 2344 510 2390 mulos,
544 2345 694 2380 bucolas.

146 2493 152 2499 .
196 2467 300 2502 Cuius
330 2477 410 2502 caro
439 2478 585 2512 namque
615 2468 706 2503 fessa

196 2519 335 2553 Crebris
364 2523 416 2553 est
443 2521 592 2562 ieiuniis,

195 2571 264 2604 Per
293 2571 420 2605 cultum
449 2577 545 2606 artus
574 2573 652 2615 igne
679 2572 797 2606 mundi

198 2622 339 2665 lugibus
368 2633 453 2667 prae
481 2624 621 2667 vigiliis,

939 1682 1029 1715 Auri
1058 1690 1121 1724 per
1148 1682 1346 1716 incendium
1376 1701 1426 1705 ——

938 1733 1036 1767 Haec
1051 1734 1186 1776 species
1204 1734 1340 1768 scandit
1351 1734 1484 1778 argenti
1497 1752 1546 1758 -—

939 1785 1089 1830 Rituque
1116 1786 1208 1820 trino
1236 1786 1379 1821 nitiduS.

871 1910 898 1945 ².
942 1910 1014 1944 Iam
1042 1910 1185 1943 calcatis
1214 1911 1335 1952 prunis
1363 1912 1491 1945 saeculi

941 1961 1098 1996 Imbreae
1128 1961 1289 2005 perfusus
1319 1962 1458 2007 frigido,

941 2014 1005 2048 Cui
1033 2014 1225 2057 praemium
1254 2015 1315 2048 illa
1343 2020 1511 2059 praestat,

940 2066 1107 2109 Requiem
1137 2072 1215 2109 post
1244 2068 1464 2110 supplicium.

890 2218 896 2225 .
941 2191 1042 2225 Hunc
1062 2191 1258 2234 relinquent
1273 2191 1388 2225 tristia
1404 2192 1542 2233 laetum,

942 2242 1141 2285 Suscipiunt
1171 2252 1340 2286 prospera
1369 2244 1497 2285 mitem,

940 2295 1092 2329 Mundus
1122 2300 1216 2329 caret
1244 2300 1281 2329 ut
1307 2295 1523 2338 naufragum,

939 2347 1035 2381 Caeli
1066 2347 1254 2381 recondent
1283 2348 1447 2384 accolam,

890 2497 897 2504 .
939 2469 1040 2504 Felix
1069 2471 1213 2505 militiae
1243 2472 1388 2505 devotae

942 2522 1096 2564 Sumpsit
1123 2523 1203 2556 hine
1232 2524 1345 2557 incola
1374 2523 1520 2565 culmen,

941 2573 1099 2608 obtinuit.
1125 2575 1258 2609 athleta
1287 2575 1411 2608 castris

941 2624 1103 2659 Bravium
1132 2627 1167 2660 in
1196 2627 1334 2660 saecula
1361 2635 1496 2663 nomen.
