1652 2872
104 125 152 162 80
425 124 504 153 Pars
527 125 552 153 Ι.
595 124 716 162 Hymni
739 125 954 162 antiquissimi
978 135 1060 155 saec.
1082 126 1221 155 V.—XI.

101 226 229 255 'ahnlich
256 227 289 254 in
305 226 346 253 T:
373 223 518 262 „Versus
534 226 669 255 Flavii
692 223 735 254 ad
757 224 984 263 mandamns*
1008 229 1042 256 in
1064 228 1105 256 B:
1131 224 1250 264 „Versz‘
1271 228 1309 257 de
1323 226 1528 257 Mandatum“

99 268 163 299 (die
185 266 410 304 Bezeiehnung
434 266 552 303 „ver-sz'“
577 268 658 296 auch
683 269 714 295 in
731 268 759 296 D
782 267 847 296 und
863 267 915 302 G);
939 270 972 296 in
994 266 1059 298 ha:
1085 267 1141 304 „In
1156 268 1243 297 Cena
1257 269 1388 298 Domini
1413 267 1529 299 Versus

100 309 255 344 Flavii;
280 309 311 335 in
336 308 376 337 Y:
409 305 551 343 „Versus
574 310 608 338 in
631 318 709 337 cena
732 309 862 337 Domini
885 309 925 337 ad
948 309 1149 338 refectorium
1171 308 1342 345 canendi“‚·
1364 310 1399 339 in
1420 318 1445 340 n
1465 310 1530 339 und

101 356 139 380 o:
166 350 221 386 „In
244 358 321 377 cena
338 349 470 378 Domini
493 349 532 378 ad
556 348 773 378 mandatum“:
798 351 831 378 in
848 350 876 378 K
899 349 962 378 und
986 348 1018 380 t:
1044 348 1220 387 „Hymnus
1235 352 1269 379 in
1284 360 1363 380 cena
1378 350 1527 380 Domini“

96 390 226 423 (ebenso
251 390 302 418 die
325 390 548 429 Bezeiehnung
573 389 746 428 „hymnus“
773 392 806 419 in
829 391 1053 426 CFHIMNPQ
1075 391 1118 427 n).
1161 391 1236 420 Man
1259 392 1323 430 vgl.
1347 392 1457 422 hierzu
1478 393 1530 422 die

98 431 302 469 Benierkung·
326 431 380 460 des
404 432 512 460 Priors
539 429 653 462 Uli-ich
675 439 733 461 von
751 429 822 460 Zell
843 432 898 467 (im
915 431 1158 465 Schwarzwald)
1180 432 1214 460 in
1237 434 1347 462 seinen
1375 443 1426 462 um
1451 432 1528 463 1087

98 472 346 510 geschriebenen
370 473 644 510 „Consuetudines
667 472 913 502 Cluniaeenses“
937 470 1114 510 (d'Aehery‚
1139 472 1288 511 Spicileg.
1312 475 1336 503 Ι.
1369 474 1416 503 ed.
1439 473 1475 506 ⁴22
1498 485 1529 513 p.

97 511 287 551 644-703),
315 523 363 542 wo
387 524 420 543 es
450 515 501 544 bei
532 515 587 543 der
616 515 703 543 Cena
725 514 856 542 Domini
878 513 988 543 heisst:
1022 514 1170 550 „Praeter
1193 515 1304 543 solitas
1328 516 1528 554 antiphonas,

97 564 179 592 quae
209 558 283 583 sunt
311 555 350 584 de
378 555 545 590 Mandato,
574 555 709 584 habetur
739 553 880 592 hymnus
903 555 1058 590 Flavii,
1088 557 1211 593 primi
1234 557 1528 587 Cabilonensis

97 597 290 634 episcopi
315 595 439 625 »Tellus-
463 604 501 625 αθ
525 595 636 625 aethra
660 594 811 624 iubilent«
825 618 832 631 ‚
855 598 910 635 qui
933 597 967 624 in
989 597 1049 624 hoe
1071 596 1121 625 die
1147 600 1177 625 et
1199 597 1239 625 ad
1260 597 1320 626 hoc
1341 598 1527 627 Mandatum

97 641 170 675 post
192 638 326 675 primam
350 638 556 676 antiphonam
581 641 727 666 cantatur
750 641 781 666 et
802 638 857 671 ita,
881 642 916 666 ut
938 647 993 676 per
1014 638 1157 676 singulos
1171 647 1283 667 versus
1297 638 1348 674 (=
1361 640 1529 678 Strophen)

96 680 216 716 primus
247 680 314 708 eius
343 689 454 708 versus
484 676 673 717 repetatur.‘·'
707 694 745 698 —
776 679 925 712 Flavius,
955 679 1090 708 Bischof
1113 689 1177 708 von
1202 679 1524 716 Chalon—sur-Saone,

96 720 183 749 starb
208 718 277 749 591.
305 737 339 741 —
363 721 439 749 Man
463 720 603 757 beachte,
629 720 697 749 dass
721 722 755 748 in
777 720 932 749 manehen
955 720 1112 758 Strophen
1136 718 1175 757 (2,
1203 718 1231 756 6,
1254 719 1282 756 8,
1307 722 1337 756 9)
1358 722 1413 751 der
1434 720 1528 752 Reim

95 762 286 790 beobaehtet
309 762 395 797 wird⁷
419 763 453 790 in
476 762 537 792 Str.
561 760 590 796 3,
614 761 811 799 wenngleieh
833 762 917 790 wohl
941 762 1081 800 zuzal'iig,
1105 771 1198 800 sogar
1220 764 1323 792 reiner
1345 763 1528 793 weiblicher

94 803 195 832 Reim.

595 987 643 1018 77.
677 987 719 1019 In
742 986 840 1020 Cena
861 987 1023 1020 Domini.

403 1051 557 1080 Versus
587 1051 634 1080 ad
665 1051 853 1081 Chrisma
881 1052 1214 1081 consecrandum.

465 1165 510 1202 R.
555 1166 581 1201 Ο
611 1166 823 1209 redemptor,
853 1175 949 1200 sume
975 1176 1112 1200 carmen

609 1222 713 1251 temet
743 1218 1008 1255 concinentium.

97 1322 129 1357 1.
173 1322 279 1367 Audi⁷
310 1321 414 1355 iudex
442 1325 668 1366 mortuorum,
845 1324 878 1356 5.
921 1322 969 1357 Ut
995 1326 1141 1356 novetur
1167 1331 1268 1356 sexus
1296 1323 1406 1357 omnis

223 1384 293 1407 una
320 1383 399 1417 spes
427 1373 636 1416 mortalium,
972 1375 1135 1408 unctione
1163 1373 1371 1420 chrismatis,

171 1426 267 1460 Audi
295 1435 397 1460 voces
422 1423 658 1468 proferentum
919 1426 967 1460 Et
994 1426 1153 1460 medetur
1180 1427 1333 1461 sauciata

224 1478 350 1512 donum
377 1478 474 1520 pacis
502 1477 693 1520 praevium.
974 1478 1151 1521 dignitatis
1180 1478 1302 1522 gloria.

94 1584 130 1617 2.
174 1581 293 1616 Arbor
322 1580 393 1614 feta
420 1581 511 1615 alma
538 1580 615 1615 luce
844 1583 878 1618 6.
919 1581 1008 1616 Lota
1035 1586 1149 1616 mente
1176 1592 1276 1616 sacro
1304 1580 1399 1616 fonte

221 1633 286 1667 hoc
314 1635 522 1667 sacrandum
551 1633 714 1676 protulit3
972 1633 1181 1677 aufugantur
1209 1634 1364 1677 erimina,

169 1684 256 1719 Fert
276 1686 340 1719 hoc
359 1695 470 1727 prona
490 1694 656 1728 praesens
672 1684 776 1718 turba
920 1686 1035 1721 Uncta
1063 1685 1177 1720 fronte
1204 1690 1425 1720 sacrosancta

222 1737 388 1771 salvatori
416 1737 557 1773 saeculi.
969 1737 1118 1772 influunt
1146 1738 1364 1774 charismata.

89 1842 124 1876 3.
167 1840 272 1875 Stans
301 1840 346 1874 ad
374 1851 469 1874 aram
497 1841 602 1874 immo
622 1841 772 1884 supplex
840 1842 873 1876 7.
918 1841 1031 1876 Corde
1059 1845 1160 1876 natus
1189 1851 1231 1876 ex
1259 1842 1426 1885 parentis,

219 1891 385 1926 infulatus
413 1892 571 1935 pontifex
967 1893 1080 1928 alvum
1110 1894 1258 1936 implens
1287 1893 1441 1937 virginis,

166 1944 330 1979 Debitum
357 1945 526 1987 persolvit
554 1954 655 1978 omne
914 1946 1060 1980 Praesta
1078 1946 1200 1990 lucem,
1231 1945 1354 1979 claude
1372 1948 1516 1978 mortem

221 2000 423 2030 consecrato
451 1996 648 2033 chrismate.
968 1997 1172 2031 Chrismatis
1201 1996 1429 2031 consortibus.

89 2102 124 2136 4.
167 2099 379 2134 Consecrare
407 2104 445 2133 tu
475 2100 631 2144 dignare,
838 2102 873 2136 8.
915 2100 969 2135 Sit.
997 2101 1071 2135 dies
1099 2101 1184 2134 haee
1213 2100 1303 2135 festa
1331 2101 1430 2135 nobis

217 2151 292 2186 Rex
321 2151 484 2194 perennis
512 2151 650 2194 patriae
968 2153 1183 2186 saeculorum
1212 2153 1371 2196 saeculis,

164 2202 242 2236 Hoc
269 2203 408 2246 olivum,
439 2203 574 2245 signum
604 2203 719 2237 vivum
914 2204 967 2238 Sit
995 2208 1132 2238 sacrata
1161 2205 1265 2247 digna
1291 2204 1395 2238 laude

172 2288 184 2302 Ι
218 2254 299 2288 Iura
327 2259 446 2288 contra
476 2254 692 2300 daemonum,
964 2266 1029 2290 nec
1056 2260 1215 2290 senescat
1242 2260 1410 2299 tempore.

168 2366 262 2403 Trop.
288 2375 345 2395 ms.
367 2367 590 2404 Maguntinum
614 2367 691 2395 anni
714 2365 887 2396 955—362.
934 2368 1010 2397 Cod.
1035 2369 1212 2398 Londinen.
1235 2368 1314 2397 Add.
1342 2366 1380 2397 19
1390 2365 1458 2396 768.
1475 2367 1512 2396 A.

84 2421 123 2426 -—
155 2407 249 2436 Grad.
283 2417 339 2436 ms.
367 2408 603 2446 Bambergense
631 2407 656 2442 (ἱ)
689 2408 958 2443 Emmeramense)
986 2419 1068 2439 saec.
1101 2409 1148 2439 10.
1199 2410 1276 2439 Cod.
1304 2410 1512 2448 Bambergen.

84 2448 135 2477 Ed
163 2449 213 2477 111
235 2447 263 2477 7.
293 2449 329 2477 B.
357 2465 396 2469 —
419 2449 515 2486 Trop.
547 2459 605 2477 ms.
633 2450 793 2488 Augiense
823 2459 905 2480 saec.
938 2449 985 2480 10.
1031 2451 1106 2480 Cod.
1130 2451 1338 2488 Bambergen.
1359 2450 1410 2479 Ed
1432 2451 1462 2479 V
1483 2448 1512 2479 9.

85 2489 155 2518 add.
179 2499 261 2519 saec.
286 2488 364 2518 ¹⁰l11.
382 2490 415 2520 C.
438 2505 479 2510 —-
493 2491 579 2528 Trop
612 2500 668 2519 ms.
684 2491 851 2520 Mindense
874 2493 950 2521 anni
969 2490 1056 2521 1024.
1095 2493 1171 2522 Cod.
1188 2492 1366 2521 Berolinen.
1383 2491 1445 2520 1V0
1464 2490 1511 2520 11.

83 2532 124 2560 D.
140 2547 181 2551 —-
195 2532 390 2561 Sacrament.
408 2541 462 2560 ms.
479 2531 647 2561 Mindense
662 2534 739 2561 anni
757 2530 926 2562 1022-36.
967 2533 1041 2562 Cod.
1056 2534 1238 2562 Berolinen.
1255 2533 1323 2561 Fol.
1348 2530 1376 2560 2.
1391 2529 1454 2560 Dd.
1472 2547 1511 2552 --

85 2572 179 2602 Grad.
192 2583 248 2601 ms.
262 2573 428 2602 Miudense
441 2583 522 2602 saec.
539 2571 584 2601 11.
610 2573 684 2602 Cod.
699 2573 879 2602 Beroliuen.
891 2574 986 2603 V1110
1004 2573 1052 2603 15.
1065 2574 1103 2603 E.
1120 2574 1262 2612 —Trop.
1278 2583 1334 2602 ms.
1344 2574 1511 2603 Mindense

84 2623 165 2643 saec.
198 2612 244 2643 11.
276 2615 319 2643 in.
373 2614 447 2644 Cod.
478 2614 758 2645 Guelfenbuteran.
791 2613 871 2644 1110
897 2615 1016 2652 (Helm.
1049 2613 1147 2651 1008).
1177 2615 1212 2644 F.
1241 2630 1277 2634 -
1308 2615 1425 2644 Pontis.
1454 2624 1508 2644 ms.
