1652 2872
120 180 123 181 ’
117 139 139 174 [0

170 139 191 175 [0

430 138 510 168 Pars
532 139 557 167 Ι.
604 140 719 176 Hymni
743 142 959 180 antiquissimi
983 150 1063 168 saec.
1087 139 1225 168 V.—X1.

440 307 513 340 1⁸5.
551 308 711 347 Hymnus
736 309 855 342 sancti
879 309 1014 348 Nyniae
1038 306 1216 347 episcopi.

303 400 451 437 Arbiter
482 403 702 439 altithronus.
732 405 824 438 solus
856 405 948 438 Deus
977 404 1217 446 omnicreator,

358 455 543 489 Maiestate
572 460 705 501 potens,
736 456 865 490 arbiter
893 456 1114 497 altithronus,

303 505 464 540 Blandus
493 507 528 541 in
557 518 637 541 arce
665 508 736 550 poli
765 508 883 550 genuit
915 507 957 541 de
985 507 1114 541 lumine
1139 507 1265 547 lumen,

361 558 572 601 Principium
600 564 633 592 et
661 559 751 601 finis,
782 559 930 592 blandus
959 559 994 592 in
1023 568 1102 592 arce
1130 558 1214 601 poli.

259 613 277 643 Γ)
311 608 446 645 Crescit
474 610 600 653 ubique
630 616 752 653 patens
781 611 912 644 aeterni
941 610 1051 652 gloria
1078 610 1179 653 regis,

357 662 430 696 Rex
461 662 685 704 dominusque
714 663 791 704 pius
821 662 947 694 crescit
973 661 1099 704 ubique
1128 667 1262 704 patens,

303 712 434 748 Debita
463 723 575 757 poena
603 723 680 747 reos
708 713 819 746 tenuit
846 723 910 755 pro
938 713 1083 747 crimine
1109 714 1236 756 priseo,

359 766 548 808 Linquerat
573 765 607 798 in
637 765 787 799 Domino
817 764 935 798 debita
963 774 1076 807 poena
1104 775 1194 799 reos.

305 815 417 850 Error
444 816 486 850 ab
516 816 599 849 orbe
628 816 697 850 ruit
725 815 860 850 medico
889 816 1047 850 veniente
1076 827 1237 859 superno,

232 869 277 902 10
361 869 449 902 Dum
479 868 610 910 patitur
639 868 811 910 Christus,
841 877 939 901 error
966 867 1009 902 ab
1039 868 1123 901 orbe
1152 869 1232 904 ruit.

303 919 453 955 Florida
481 929 582 962 quem
611 920 729 962 genuit
756 923 868 953 mater
896 919 970 952 sine
998 924 1098 962 patre
1126 918 1288 963 fecunda,

359 971 547 1014 Virginitas
577 970 659 1004 felix
688 969 813 1004 florida
843 981 941 1013 quem
970 971 1098 1014 genuit.

302 1021 443 1059 Gaudia
471 1023 574 1066 longa
601 1027 693 1056 tenet
724 1033 798 1056 cum
828 1023 1036 1065 virginitatis
1066 1023 1215 1065 honore3

357 1076 452 1117 Quae
479 1075 597 1117 genuit
625 1074 821 1118 Dominum,
851 1075 978 1117 gaudia
1006 1075 1107 1118 longa
1136 1079 1243 1112 tenet.

230 1128 275 1161 15
306 1126 435 1161 Hostia
463 1137 595 1161 summa
621 1127 733 1169 patris
760 1127 924 1160 mundum
955 1127 997 1160 de
1025 1131 1135 1161 morte
1161 1128 1319 1172 redemit,

356 1178 451 1213 Caeli
479 1182 618 1221 sceptra
647 1178 735 1222 petit
763 1179 876 1213 hostia
903 1188 1035 1213 summa
1063 1180 1185 1222 patris.

305 1229 391 1265 Iure
419 1231 524 1265 micat
552 1231 657 1267 rutilo
686 1234 883 1265 sanctorum
913 1231 1024 1274 gloria
1053 1232 1160 1275 caelo,

356 1283 433 1317 Lux
463 1284 661 1317 venerando
690 1283 770 1325 polo
797 1283 873 1316 iure
899 1283 1003 1317 micat
1033 1284 1149 1318 rutilo.

305 1334 426 1369 Rarus
455 1335 490 1368 in
519 1344 600 1368 arce
628 1335 715 1369 nitet
744 1335 950 1369 coniunctus
979 1335 1112 1370 civibus
1140 1336 1221 1378 illis,

226 1388 274 1421 2⁴)
356 1387 513 1421 Antistes
541 1386 658 1430 Nynia
686 1397 786 1421 carus
812 1387 846 1420 in
875 1396 957 1421 arce
984 1388 1081 1421 nitet.

301 1438 451 1473 Lumina
479 1439 595 1473 cordis
627 1438 758 1474 habens
789 1442 902 1473 terras
930 1439 1059 1473 lucebit
1087 1439 1122 1473 in
1150 1449 1279 1480 omnes,

356 1493 427 1526 Iam
459 1501 564 1534 super
593 1495 688 1525 astra
714 1491 801 1525 nitet
830 1491 960 1526 lumina
990 1492 1104 1526 cordis
1133 1491 1275 1527 habens,

301 1542 399 1578 Mitis
427 1543 463 1577 in
492 1543 576 1577 orbe
603 1547 704 1586 pater
731 1543 840 1578 multa
870 1542 1039 1578 miracula
1066 1544 1184 1587 gessit,

355 1595 514 1630 Foedera
541 1595 641 1630 firma
666 1600 760 1629 tenet
789 1595 882 1629 mitis
911 1596 945 1630 in
974 1595 1059 1630 orbe
1086 1599 1198 1639 pater.

233 1649 278 1682 25
309 1645 440 1682 Noster
467 1648 502 1681 in
530 1647 614 1682 orbe
643 1648 758 1694 decor,
788 1658 970 1691 squamoso
1000 1657 1144 1693 corpore
1172 1649 1306 1691 lepram

358 1699 410 1733 De
438 1700 568 1734 tumulo
597 1704 734 1743 purgat,
763 1704 881 1734 noster
908 1701 944 1734 in
972 1700 1056 1734 orbe
1085 1701 1200 1735 decor.

306 1749 430 1786 Omnia
458 1761 561 1795 posse
591 1751 688 1786 dedit
714 1751 912 1786 benedictio
939 1753 1037 1795 larga
1064 1753 1228 1795 tonantis,

356 1804 568 1838 Intemerata
596 1803 683 1838 fides
711 1805 825 1838 omnia
851 1814 955 1847 posse
984 1804 1092 1840 dedit.

304 1854 439 1890 Pausat
467 1856 502 1890 in
530 1856 609 1890 aula
637 1865 736 1890 sacer
764 1857 951 1891 tumulatus
980 1866 1125 1899 corpore
1153 1855 1306 1900 praesul,

230 1908 276 1942 30
358 1907 515 1942 Culmine
543 1908 606 1942 sub
634 1908 759 1951 templi
786 1913 911 1952 pausat
939 1909 974 1943 in
1003 1909 1083 1943 aula
1109 1918 1219 1944 sacer.

307 1957 414 2006 Quem
443 1960 536 1994 Deus
564 1960 736 1994 aethereis
766 1965 924 1994 ornatum
953 1961 1028 1995 iure
1055 1961 1242 2003 triumphis

358 2011 461 2046 Vexit
490 2012 535 2046 ad
564 2016 660 2046 astra
687 2012 770 2055 poli,
801 2022 902 2055 quem
931 2013 1023 2046 Deus
1052 2013 1237 2048 aethereis.

306 2062 432 2104 Regna
459 2063 563 2097 beata
592 2067 720 2108 manet,
749 2063 808 2106 qui
836 2064 940 2097 castis
968 2065 1121 2098 moribus
1150 2065 1228 2098 istic

361 2115 506 2149 Vixerat
533 2116 569 2149 in
597 2115 757 2160 Domino,
788 2125 894 2157 regna
922 2115 1024 2150 beata
1051 2121 1178 2154 manet,

237 2167 283 2200 35
314 2164 468 2208 Spiritus
495 2170 591 2200 astra
619 2167 708 2209 petit
737 2172 831 2200 casto
862 2167 905 2200 de
933 2177 1079 2209 corpore
1107 2168 1230 2212 laetus,

358 2218 536 2262 Angelicis
564 2218 722 2252 manibus
753 2218 896 2260 spiritus
925 2223 1019 2253 astra
1047 2220 1146 2262 petit.

307 2267 358 2303 Te
386 2270 592 2313 medicante,
622 2269 729 2312 Deus,
757 2269 934 2303 hominum
962 2274 1013 2304 tot
1042 2271 1186 2305 vulnera
1214 2276 1324 2314 curat,

358 2321 475 2354 Morbi
505 2320 687 2363 diffugiunt
715 2325 749 2354 te
777 2321 983 2364 medicante,
1013 2321 1118 2356 Deus.

307 2370 456 2406 Viscera
484 2376 580 2406 casta
608 2377 748 2406 vomant
775 2371 975 2406 firmissime
1004 2378 1105 2407 cauta
1132 2374 1255 2417 salute,

236 2426 283 2457 40
364 2424 539 2458 Virtutum
567 2424 692 2466 poeula
721 2425 855 2458 viscera
884 2427 978 2458 casta
1005 2429 1156 2459 vomant.

308 2475 451 2509 Xristus
479 2475 514 2509 in
543 2476 622 2510 aula
650 2476 721 2518 poli
750 2477 843 2510 claro
872 2475 1049 2509 redimivit
1076 2476 1205 2510 honore

364 2526 564 2560 Pontificem
592 2527 755 2570 Nyniam,
785 2528 944 2563 Christus
972 2527 1008 2560 in
1036 2527 1115 2561 aula
1142 2528 1226 2570 poli.

311 2577 434 2612 Ydrus
461 2579 494 2611 in
524 2578 607 2612 orbe
634 2579 739 2621 gemit
767 2579 905 2614 Christo
934 2578 1132 2612 dominante
1160 2589 1222 2620 per
1249 2579 1377 2623 orbem,

363 2630 495 2664 Lumen
523 2630 646 2664 adesse
674 2630 739 2663 Dei
768 2631 875 2674 ydrus
904 2630 939 2663 in
967 2629 1050 2664 orbe
1077 2631 1193 2675 gemit.
