1652 2872
95 1280 155 1314 23.

335 130 512 170 Appendix.
536 144 570 148 -—
597 129 632 156 B.
664 127 742 156 Tres
764 126 875 164 hymni
897 126 1057 164 Anonymi
1079 128 1260 166 Augiensis.
1436 128 1510 165 245

90 237 150 272 19.
191 236 306 271 Lucro
333 237 496 270 vacantes
523 232 629 277 impio
834 233 894 268 26.
935 232 1072 267 Laxata
1099 243 1177 268 mox
1206 233 1391 277 captivitas

191 287 386 322 Eliminans
415 296 514 320 sacra
543 285 644 319 domo
938 283 1045 318 Sedes
1073 286 1194 319 revisit
1223 286 1382 329 caelicas,

192 339 416 382 Caedensque
442 337 559 380 flagris
587 336 720 381 asperis
937 336 1045 377 Quam
1075 337 1187 380 prima
1214 337 1310 371 labes
1337 337 1467 379 intulit,

190 392 256 426 Est
282 392 373 425 ultus
401 389 564 423 offensam
592 388 715 431 patris.
939 387 1028 422 Dum
1058 389 1294 432 protoplastus
1323 389 1466 424 corruit.

90 498 151 532 20.
192 495 258 530 Est
285 494 367 528 inde
393 503 498 537 passa
520 491 723 526 scandalum
833 491 894 527 27.
938 489 991 527 Ut
1018 492 1077 525 lux
1106 492 1245 526 reduxit
1272 493 1377 527 tertia

191 547 292 581 Mens
320 545 515 580 invidorum
544 544 741 587 principum
938 543 1042 577 Ortus
1072 544 1125 577 sui
1152 545 1358 587 primordia,

191 599 298 633 Morti
327 597 469 632 studens
495 597 586 630 hunc
616 595 765 640 tradere,
936 595 1020 630 Orbi
1048 596 1184 629 revexit
1212 596 1361 630 maxima

190 650 256 692 Qui
285 653 428 684 venerat
456 649 561 683 vitam
590 647 686 682 dare.
938 647 1098 682 Christus
1127 657 1310 690 resurgens
1339 648 1476 693 gaudia,

90 758 152 793 21.
194 756 292 790 Tunc
318 753 466 789 iudicari
494 754 650 800 pertulit,
837 754 897 789 28.
941 752 1062 786 Testes
1090 761 1172 786 suae
1201 752 1367 786 victoriae

193 809 299 850 Quem
311 807 460 841 iudicem
472 806 620 840 mundus
632 805 768 849 tremit3
942 804 1085 839 Donans
1115 814 1174 838 eos
1203 805 1383 848 exsistere,

195 860 307 903 Caput
335 858 471 902 subegit
499 858 666 901 sentibus,
944 858 1034 900 Quos
1063 861 1143 891 ante
1172 867 1288 901 pugna
1313 857 1450 900 terruit,

195 912 334 946 Vultum
363 915 543 956 sputorum
572 910 746 945 sordibus.
943 909 1026 943 Post
1054 920 1119 953 spe
1148 909 1344 952 triumphus
1372 909 1505 944 extulit.

92 1020 152 1054 22.
195 1016 445 1052 Commercium
473 1014 644 1057 mirabile,
837 1015 898 1049 29.
942 1013 1007 1047 His
1036 1023 1117 1056 ergo
1147 1013 1430 1047 convescentibus

194 1069 322 1104 Rerum
351 1068 442 1111 quod
470 1071 591 1102 auctor
614 1067 648 1101 in
670 1075 772 1100 cruce
943 1065 1097 1100 Conviva
1127 1066 1396 1100 iucundissimus

195 1121 299 1156 Ultro
327 1120 446 1155 volens
474 1124 619 1154 mortem
647 1119 720 1162 pati
941 1118 1006 1152 Est
1034 1121 1156 1162 pastus
1186 1118 1342 1152 humanis
1371 1117 1458 1151 cibis

197 1173 242 1207 Se
269 1182 372 1208 carne
399 1171 558 1215 permisit
585 1171 685 1208 mori,
943 1169 1022 1204 Non
1051 1170 1096 1204 ad
1127 1170 1281 1213 saginam
1311 1169 1479 1212 corporis.

199 1279 283 1313 Post
310 1277 484 1312 dormiens
513 1285 632 1310 somno
660 1284 722 1309 suo
840 1277 900 1311 30.
931 1275 1055 1318 Gregis
1086 1275 1189 1309 Petro
1218 1275 1269 1309 sui
1301 1274 1403 1309 fidem

197 1330 328 1364 Terrae
355 1329 485 1373 quievit
512 1329 650 1370 lectulo,
942 1327 1127 1362 Mandavit
1153 1327 1236 1362 inde
1264 1332 1456 1372 perpetem,

197 1382 344 1416 Frustra
373 1381 519 1415 cubante
546 1380 655 1414 milite
943 1379 1039 1414 Caeli
1069 1380 1159 1414 datis
1189 1380 1246 1423 qui
1275 1379 1431 1414 clavibus

198 1434 256 1468 Ad
283 1434 385 1468 busta
413 1434 530 1468 clausa
556 1433 685 1476 lapide.
942 1430 1101 1467 Relictus
1131 1435 1182 1465 est
1211 1432 1311 1466 heres
1340 1432 1433 1475 piuS.

97 1540 157 1574 24.
199 1538 289 1572 Nam
317 1537 429 1572 fracta
456 1537 548 1572 Ditis
577 1537 666 1571 ostia
841 1538 904 1573 31.
947 1536 1021 1570 Nec
1050 1537 1158 1570 multa
1185 1541 1264 1580 post
1294 1537 1416 1570 dilatio

200 1590 336 1624 Virtute
365 1590 488 1624 stravit
515 1589 659 1633 propria
946 1589 1048 1623 Hunc
1072 1589 1189 1622 intulit
1217 1588 1326 1622 nubes
1354 1588 1435 1632 polo

200 1641 396 1686 Mortisqtie
424 1643 519 1685 rupit
546 1642 685 1676 vincula
947 1641 1108 1685 Stipante
1135 1651 1173 1675 se
1201 1641 1399 1675 caelestium

199 1695 361 1737 Vicitque
389 1704 495 1738 regna
522 1694 656 1737 pallida
946 1694 1060 1728 Multa
1090 1697 1230 1728 caterva
1258 1693 1396 1728 civium.

98 1801 160 1837 25.
203 1799 263 1834 Sol
290 1799 351 1833 ille
378 1799 682 1843 splendidissimus
845 1801 904 1834 32.
951 1800 992 1834 In
1020 1799 1131 1842 patris
1160 1799 1234 1832 illic
1264 1800 1408 1833 dextera

200 1852 286 1886 Imis
314 1849 490 1895 refulgens
517 1851 694 1896 Manibus,

201 1905 309 1947 Quem
337 1904 433 1938 nulla
460 1914 529 1938 nox
556 1904 746 1947 intercipit,

200 1956 275 1990 Nec
303 1956 411 1990 densa
438 1956 546 1990 nubes
574 1956 712 1991 occulit.

948 1851 1111 1895 Regnans
1141 1852 1239 1885 sedet
1266 1861 1330 1894 per
1359 1851 1507 1885 saecula.

472 2062 533 2097 33.
577 2061 679 2096 Nunc
706 2061 856 2096 trinitati
884 2061 1037 2095 debitam

575 2114 622 2150 Os
649 2124 750 2148 omne
779 2118 909 2159 pangat
936 2114 1093 2157 gloriam,

575 2166 714 2201 Laudet
741 2170 877 2210 patrem
907 2176 983 2200 cum
1011 2165 1082 2200 filio

574 2218 622 2253 Et
651 2219 778 2262 spiritu
806 2219 990 2263 paraclito.

182 2322 312 2352 Collect.
350 2332 406 2351 ms.
441 2322 602 2360 Augiense
642 2332 724 2352 saec.
762 2321 844 2352 ¹⁰1‘11.
879 2322 925 2359 (et
958 2320 1018 2359 12.)
1075 2322 1151 2351 Cod.
1189 2322 1416 2352 Carolsruhan.
1450 2323 1530 2359 Aug.

100 2363 266 2393 COXLIV.
297 2380 334 2384 -—
364 2364 430 2393 Aus
460 2364 602 2403 gleicher
625 2364 739 2400 Quelle
767 2365 820 2394 bei
842 2365 937 2394 Mone
967 2365 1004 2401 (Ι.
1032 2362 1092 2398 31).
1125 2380 1164 2383 -
1193 2362 1228 2401 8,
1259 2362 1278 2393 2
1301 2367 1413 2403 parata
1434 2362 1534 2401 (nicht

100 2408 234 2443 patrata,
258 2406 317 2435 wie
339 2406 436 2435 Mone
459 2405 618 2443 schreibt).
641 2423 682 2427 —-
707 2404 759 2440 10,
792 2403 811 2434 2
834 2409 1012 2442 revocaret,
1041 2406 1193 2435 dariiber:
1218 2405 1343 2436 rediret.
1368 2422 1409 2426 -—
1435 2405 1491 2441 11,
1514 2403 1533 2434 3

100 2447 253 2485 praetulit
274 2446 442 2476 falschlich
465 2448 547 2476 nach
570 2448 728 2477 audiendo
755 2446 815 2483 (11,
832 2446 863 2483 4)
877 2447 1095 2486 geschrieben,
1120 2449 1197 2476 aber
1213 2447 1312 2476 durch
1329 2449 1381 2477 ein
1396 2447 1533 2476 Zeichen

102 2488 236 2517 alsdann
259 2498 300 2518 an
323 2489 383 2518 den
407 2490 537 2518 rechten
558 2489 649 2518 Platz
673 2491 856 2518 verwiesen.
880 2504 915 2509 —
946 2487 999 2524 16,
1025 2487 1039 2518 1
1064 2490 1145 2518 Nam
1170 2490 1256 2527 quid.
1279 2505 1318 2509 ——
1346 2488 1399 2524 16,
1421 2487 1441 2517 4
1464 2498 1533 2518 cae-

102 2531 199 2559 deret.
215 2546 256 2549 —
280 2528 327 2566 17,
349 2529 370 2560 4
384 2531 561 2569 Augiendo.
587 2547 629 2551 -—
651 2530 700 2567 21,
720 2529 734 2559 1
758 2531 889 2569 pertulit
909 2530 1011 2567 (nicht
1026 2532 1188 2569 praetulit,
1213 2532 1272 2560 wie
1289 2532 1385 2560 Mone
1401 2531 1533 2569 angibt).

109 2587 142 2591 —-
163 2569 221 2607 21,
243 2570 264 2600 4
285 2572 480 2611 Vultumque
502 2573 621 2611 korrig.
647 2582 701 2602 zu:
726 2573 867 2602 Vultum.
890 2587 931 2592 -—
952 2570 1008 2608 30,
1040 2570 1059 2601 2
1081 2575 1136 2611 qui
1160 2573 1261 2609 datis,
1290 2573 1426 2611 korrig.:
1450 2574 1533 2601 datis

102 2614 158 2650 qui
178 2611 280 2650 (nieht
303 2612 444 2652 „datus“,
468 2615 528 2643 wie
543 2615 639 2644 Mone
664 2615 856 2653 behauptet).
876 2630 916 2634 —
937 2612 987 2649 32,
1014 2613 1028 2643 1
1053 2614 1143 2644 illinc
1166 2614 1286 2653 korrig.
1311 2624 1367 2643 zu:
1392 2614 1469 2643 illic.
1495 2631 1532 2635 ——

103 2655 165 2685 Str.
187 2652 228 2684 32
251 2654 376 2686 seheint
398 2655 639 2695 unvollstandig
662 2665 702 2685 zu
725 2657 803 2686 sein.
