1652 2872
564 185 624 214 ΙΙΙ.
655 184 764 212 Varia.
788 197 826 202 —
849 181 966 210 Loriea
987 181 1118 219 Gyldae.
1490 178 1565 216 359

167 292 200 327 2.
239 288 446 333 Suffragare‚
885 287 919 320 5.
963 285 1054 328 Opto
1081 285 1236 329 thronos,

294 350 432 385 quaeso,
461 341 546 375 mihi
573 340 686 383 posito
1041 338 1197 381 virtutes,
1226 338 1464 382 archangelos,

243 393 354 428 Maris
382 393 496 435 magni
989 389 1219 433 principatus,

294 445 389 478 velut
416 445 451 478 in
480 443 647 487 periculo,
1040 444 1241 483 potestates,
1270 441 1420 485 angelos,

244 498 292 533 Ut
320 506 387 530 non
416 505 531 529 secum
990 493 1037 527 Ut
1066 502 1119 525 me
1150 492 1255 525 denso

294 547 411 581 trahat
434 556 488 580 me
517 544 709 580 mortalitas
1041 542 1269 577 defendentes
1297 545 1433 586 agmine

243 600 354 634 Huius
381 599 462 633 anni
991 594 1152 629 Inimieos

293 660 403 694 neque
430 649 549 683 mundi
578 647 724 682 vanitas.
1042 647 1175 680 valeam
1205 651 1438 688 prosternere.

165 736 200 770 3.
241 734 288 768 Et
314 732 380 766 hoc
405 731 499 766 idem
912 731 944 764 6.
988 729 1074 762 Tum
1105 728 1232 762 deinde

292 788 373 828 peto
401 795 421 818 a
447 782 654 819 sublimibus
1040 785 1172 814 ceteros
1201 780 1435 824 agonithetas:

243 836 409 872 Caelestis
437 836 498 870 mi·
990 832 1223 874 Patriarchas,

294 888 390 922 litiae
418 888 616 929 virtutibus,
1041 880 1205 928 quattffin·
1223 888 1347 927 quater
1367 883 1566 927 prophetas,

241 941 295 974 Ne
322 949 376 975 me
401 940 560 983 linquant
992 938 1188 982 Apostolos,

293 992 517 1026 lacerandum
546 991 714 1033 hostibus,
1040 989 1138 1023 navis
1167 989 1297 1024 Christi
1326 991 1497 1031 proretas,

244 1044 312 1080 Sed
343 1043 534 1078 defendant
988 1041 1035 1075 Et
1062 1045 1246 1085 martyres,

296 1105 350 1129 me
378 1096 446 1130 iam
475 1096 580 1130 armis
609 1093 770 1131 fortibus.
1041 1103 1161 1127 omnes
1191 1096 1272 1135 peto
1300 1091 1462 1131 athletas,

166 1181 201 1214 4.
242 1179 290 1213 Et
319 1188 372 1212 me
398 1178 451 1212 illi
912 1178 944 1212 7.
989 1176 1048 1212 Uti
1077 1186 1131 1210 me
1158 1185 1222 1218 per

294 1231 508 1274 praecedant
534 1230 570 1264 in
597 1229 672 1263 acie
1040 1229 1120 1262 illos
1146 1228 1240 1261 salus
1269 1227 1405 1270 saepiat

243 1282 412 1318 Caelestis
440 1292 499 1316 ex-
989 1281 1104 1323 Atque
1131 1289 1231 1314 omne

296 1334 424 1368 ercitus
452 1334 607 1378 militiae,
1042 1333 1171 1366 malum
1199 1342 1220 1365 a
1247 1341 1301 1365 me
1329 1335 1472 1375 pereat3

245 1386 421 1421 Cherubin
449 1390 484 1420 et
991 1385 1151 1420 Christus
1180 1394 1310 1417 mecum
1338 1397 1343 1407 ε

295 1438 478 1480 Seraphin,
508 1447 585 1471 cum
613 1437 752 1471 milibus
1043 1441 1181 1479 pactum
1210 1435 1345 1469 firmum
1374 1434 1498 1479 feriat,

243 1490 395 1524 Michael
422 1493 456 1523 et
991 1488 1121 1531 Timor,
1152 1492 1284 1522 tremor

295 1540 441 1576 Gabriel
469 1540 650 1576 similibus
1042 1544 1172 1575 taetras
1200 1539 1321 1574 turbas
1350 1542 1492 1575 terreat.

829 1646 874 1679 II.

493 1731 526 1765 8.
571 1729 677 1773 Deus,
707 1728 968 1772 impenetrabili
996 1729 1104 1762 tutela

569 1781 734 1824 Undique
761 1791 816 1815 me
845 1780 996 1815 defende
1024 1780 1193 1823 potentia.

167 1868 200 1901 9.
243 1866 343 1900 Meae
370 1864 489 1908 gibrae
890 1865 948 1899 11.
991 1864 1071 1898 Meo
1099 1873 1182 1907 ergo

296 1926 423 1959 pernas
451 1927 568 1951 omnes
595 1917 707 1951 libera
1044 1926 1119 1950 cum
1149 1915 1285 1958 capillis
1315 1915 1437 1949 vertici

244 1970 336 2004 Tuta
362 1969 458 2012 pelta
993 1968 1103 2002 Galea
1130 1977 1184 2002 sa-

297 2024 500 2064 protegente
527 2021 674 2064 singula.
1043 2021 1126 2054 lutis
1150 2022 1223 2053 esto
1253 2019 1371 2062 capiti,

247 2074 295 2110 Ut
323 2083 389 2107 non
418 2073 522 2107 taetri
992 2072 1128 2113 Fronti,
1159 2071 1268 2105 oculis

299 2125 484 2159 daemones
511 2125 546 2159 in
574 2125 686 2158 latera
1046 2128 1079 2157 et
1108 2123 1252 2158 cerebro
1281 2122 1446 2167 triformi,

246 2178 326 2212 Mea
353 2176 493 2219 librent,
994 2177 1133 2220 Rostro,
1163 2175 1268 2218 labio,

297 2233 335 2263 ut
362 2229 486 2270 solent,
515 2228 649 2263 iacula:
1044 2227 1159 2268 faciei,
1189 2227 1351 2272 timpori3

146 2314 204 2348 10.
248 2312 401 2355 Gigram,
432 2312 610 2354 cephalem
890 2313 948 2346 12.
991 2311 1123 2351 Mento,
1154 2310 1296 2357 barbae,

302 2373 378 2397 cum
406 2363 490 2398 iaris
518 2368 553 2397 et
579 2373 694 2405 conas,
1044 2363 1252 2407 superciliis,
1280 2362 1433 2405 auribus,

251 2416 406 2457 Patham,
435 2414 630 2462 lig(a)nam‚
995 2416 1113 2455 GeniS,
1142 2415 1271 2455 buccis,

300 2477 424 2502 senuas
452 2471 555 2511 atque
583 2467 764 2510 michinas‚
1045 2467 1237 2508 internaso,
1266 2466 1421 2507 naribus,

251 2519 410 2562 Cladum,
439 2529 605 2563 crassum,
995 2519 1156 2562 Pupillis,
1184 2520 1280 2562 rotis,

303 2572 510 2617 madianum,
541 2571 655 2613 talias,
1048 2571 1237 2614 palpebris,
1267 2570 1479 2611 tautonibus,

250 2622 408 2667 Bathma,
438 2633 520 2657 exu-
997 2623 1129 2669 Gingis,
1160 2623 1316 2663 anhelae,

303 2673 394 2718 giam
420 2678 523 2719 atque
550 2675 696 2710 idumaS.
1047 2675 1199 2711 maxillis
1227 2678 1259 2710 et
1289 2672 1467 2718 faucibus,
