1652 2872
123 146 192 181 192
438 143 519 171 Pars
544 143 569 170 1.
612 143 731 180 Hymni
755 143 969 180 antiquissimi
995 148 1076 167 saec.
1102 137 1238 166 V.—X1.

471 294 545 326 170,
580 295 620 326 In
645 295 764 327 sancti
788 295 921 328 Iuliani
946 291 1188 326 Brivatensis.

122 393 156 426 1.
203 391 354 433 Christe,
385 400 511 424 corona
539 394 741 434 martyrum,

201 443 356 476 Victoria
385 442 611 483 credentium,

196 496 290 528 Ante
314 494 433 528 mundi
461 493 668 536 principium

198 547 313 588 Atque
341 549 417 589 post
447 544 548 579 finem
577 550 783 588 temporum,

121 650 157 684 ΞΟ

199 649 248 683 Te
275 649 427 682 Iulianus
458 648 573 691 coluit,

200 701 317 735 Morte
344 701 450 734 vitani
479 700 681 742 promeruit,

197 752 396 786 Lictoribus
424 750 462 784 fit
485 751 618 794 obvius,

200 805 313 849 Caput
341 803 456 837 subdit
485 801 692 844 intrepidus.

124 910 158 943 3.
202 907 327 941 Cervix
357 910 451 940 secta
479 915 543 948 per
570 903 735 938 frameam

201 959 319 993 Donat
346 958 476 1000 gloriae
504 956 703 1001 palmulam,

200 1010 303 1045 Unda
331 1009 492 1042 subfusus
521 1007 696 1050 sanguinis

200 1062 344 1103 Semper
373 1064 493 1103 regnat
523 1069 598 1093 cuni
628 1059 771 1102 angelis.

123 1167 157 1201 4.
199 1164 327 1198 Mulier
354 1163 560 1208 paralytica,

201 1216 407 1250 Contractus
435 1215 470 1249 in
500 1215 684 1260 dominica,

200 1267 341 1312 Caecus,
372 1268 509 1312 surum,
539 1271 652 1300 mutus
672 1276 806 1310 quoque

201 1319 313 1353 Tanto
343 1323 508 1353 curantur
535 1322 700 1361 martyre.

869 394 902 426 5.
948 391 1013 424 Per
1032 394 1076 434 te,
1099 388 1247 429 Christe,
1276 393 1377 427 quam
1397 382 1546 426 plurima

944 442 1012 475 Hic
1040 441 1123 474 fecit
1150 436 1346 479 mirabilia3

947 494 1037 527 Laus
1064 502 1127 535 per
1155 490 1273 524 orbem
1302 486 1467 528 effloruit,

944 545 1031 587 Spes
1059 543 1166 577 multa
1194 541 1303 575 crevit
1331 537 1476 573 miseris.

896 676 902 682 .
946 647 1013 681 Hic
1041 647 1174 681 Vienna
1201 642 1413 687 progenitus,

945 699 1114 733 Arvernis
1142 700 1275 739 martyr
1301 694 1452 736 inclitus,

945 751 1076 784 Aedem
1097 759 1198 793 quam
1218 753 1352 792 gratam
1372 745 1549 782 monacbis

945 802 1148 835 Translatus
1176 800 1280 834 habet
1308 798 1468 835 Turonis.

898 933 905 940 .
949 904 1002 939 Ibi
1030 913 1164 947 quoque
1191 903 1356 937 mirificus

948 956 1128 990 Miraculis
1156 954 1402 998 comprobatur

951 1007 1156 1050 cotidieque
1184 1007 1337 1041 cernitur

952 1059 1045 1094 Civis
1075 1068 1150 1093 esse
1178 1058 1365 1102 angelicus

899 1190 906 1198 .
949 1164 1001 1198 Sit
1029 1163 1139 1206 gloria
1167 1162 1240 1197 Deo
1269 1163 1361 1205 patri

948 1216 1102 1258 Eiusque
1128 1215 1193 1248 soli
1220 1213 1292 1248 filio

949 1267 996 1302 Et
1024 1270 1145 1301 sancto
1172 1267 1247 1300 laus
1275 1265 1415 1308 spiritui

949 1321 989 1354 In
1018 1319 1233 1353 saeculorum
1261 1317 1411 1353 saecula.

209 1421 339 1450 Collect.
364 1431 420 1453 ms,
443 1421 588 1450 diversae
612 1422 746 1459 originis
771 1431 851 1450 saec,
875 1419 987 1450 9-16.
1033 1421 1110 1452 Cod.
1133 1419 1279 1450 Vatican.
1296 1420 1374 1458 Reg.
1390 1418 1460 1449 314.
1484 1419 1554 1449 add.

124 1473 206 1494 saeC.
234 1461 279 1493 10.
305 1479 343 1482 —
367 1461 396 1499 4,
428 1461 447 1492 2
468 1461 658 1492 Vielleicht:
690 1462 887 1499 Contractus,
912 1463 1144 1492 daemoniaca?
1189 1462 1274 1492 Oder
1297 1463 1349 1500 „in
1373 1459 1551 1490 εἰοιῃίηὶαειιζ

121 1515 160 1534 zu
189 1505 364 1534 vei-binden
395 1506 453 1534 mit
482 1502 695 1542 „0111·antu1·“'?
719 1521 759 1523 —
782 1505 847 1534 Ans
870 1505 1010 1543 gleicher
1034 1504 1147 1540 Quelle
1170 1504 1221 1534 bei
1244 1505 1327 1538 Mai,
1360 1504 1470 1533 Novae
1492 1502 1552 1532 PP.

121 1547 337 1576 bibliothecae
366 1548 391 1578 Ι,
415 1547 465 1582 II,
496 1544 566 1578 206.
610 1547 676 1575 Mai
708 1546 782 1576 liest
804 1544 832 1581 7,
861 1545 897 1575 2:

929 1546 1163 1585 Comprobatur
1195 1546 1375 1581 mirac-ulis,
1406 1544 1555 1574 wodurch

122 1589 177 1618 der
210 1589 301 1618 Reim
336 1591 470 1617 zersttjrt
503 1588 590 1616 wird.
625 1604 664 1608 —-
700 1589 776 1617 Rev.
812 1589 852 1617 H.
887 1589 928 1617 M.
964 1589 1136 1617 Bannister
1168 1589 1313 1626 besorgte
1347 1588 1469 1626 glitigst
1505 1587 1556 1616 die

124 1630 302 1661 Kollation.

575 1763 648 1798 111.
682 1764 723 1795 111
747 1764 868 1796 sancti
892 1763 1107 1796 Laudberti.

600 1830 781 1868 Hymnus
810 1830 839 1858 H
852 1829 1018 1858 ucbaldi
1033 1828 1078 1866 (P).

353 1937 387 1973 1.
428 1936 556 1979 Fulges
586 1934 741 1970 salvifico
769 1935 919 1978 nomine,
948 1939 1093 1979 martyr,

427 1987 551 2022 Custos
580 1988 748 2022 ecclesiae
777 1992 898 2030 pastor
925 1991 959 2021 et
987 1988 1089 2028 alme,

425 2040 542 2073 Munis
571 2044 674 2082 atque
703 2039 794 2082 regis
822 2049 924 2081 quam
953 2039 1028 2073 vice
1058 2039 1165 2081 Petri,

424 2091 451 2125 O
482 2091 694 2133 Landberte,
723 2100 846 2133 gerens
872 2091 1008 2133 proelia
1034 2090 1177 2128 Christi.

347 2206 381 2239 2.
424 2203 598 2238 Defensor
625 2203 775 2247 patriam
805 2203 954 2237 climatis
982 2203 1082 2237 huius

428 2255 614 2298 Compsisti
643 2255 733 2288 rosei
759 2254 936 2297 sanguinis
965 2255 1080 2300 undis,

430 2307 530 2340 Hanc
559 2311 595 2340 ut
625 2306 811 2349 caeligenis
839 2306 981 2349 iungere
1009 2307 1132 2352 possis,

427 2358 578 2401 Tempus
607 2368 682 2392 cum
713 2357 817 2391 fuerit
847 2367 987 2391 currere
1016 2357 1133 2393 caelis.

351 2473 384 2506 3.
430 2471 482 2504 Tu
510 2481 572 2505 nos
600 2482 620 2505 a
648 2472 741 2506 vitiis
769 2480 873 2505 carne
902 2470 1030 2504 coactis

430 2525 482 2557 Ac
512 2523 635 2556 vinclis
662 2523 797 2565 pariter
824 2522 919 2556 solve
946 2521 1107 2564 malignis

430 2574 630 2616 Deposcens
659 2574 854 2617 Dominum,
884 2583 950 2615 quo
978 2576 1075 2615 regat
1102 2576 1201 2616 aptos

430 2625 502 2658 Nos
531 2629 565 2658 et
592 2624 757 2659 laetificet
784 2634 869 2667 pace
897 2623 1035 2667 potitos.
