1652 2872
571 137 606 166 B.
640 137 761 174 Hymni
783 136 822 165 de
844 135 998 174 Tempore
1021 136 1157 176 Proprii.
1541 113 1590 175 83

181 244 221 277 5.
261 240 452 276 Exaltatus
481 243 578 276 Iesus
606 240 764 274 Christus

316 293 352 326 in
381 292 494 326 crucis
522 291 679 336 patibulo

264 343 403 377 Haustu
434 343 526 377 fellis
554 350 589 376 et
616 342 706 376 aceti

317 395 525 436 propinatus
552 394 698 438 poculo,

264 447 404 480 Lancea
431 447 522 479 latus
551 443 757 491 perfossum,

317 495 462 539 profluit
488 497 704 532 miraculum.

185 603 224 636 6.
263 599 417 643 Fugiens
445 599 497 632 sol
525 599 732 634 obscuratur

319 661 462 685 cernens
487 655 634 685 mortem
660 651 801 685 Domini

266 706 489 745 Luctuosam,
519 702 627 737 infert
654 703 782 737 mundo

319 755 487 789 tenebrae
516 755 719 798 caliginem3

266 808 494 842 Monumenta
522 812 720 851 patuerunt,

319 860 434 893 velum
463 860 584 902 templi
612 859 757 893 scissum
783 863 847 895 est.

193 964 225 988 ·ι.
269 950 447 989 Gaudium
476 951 576 986 fessis
604 953 736 986 laturus

321 1003 427 1047 fregit
454 1009 573 1047 portas
601 1003 717 1045 inferi,

269 1058 383 1091 Antra
411 1056 519 1090 Erebi
548 1056 728 1090 illustrans

321 1108 485 1151 spoliavit
514 1112 659 1150 tartara,

267 1160 372 1194 Eruit
401 1161 493 1193 victo
520 1164 684 1202 serpente

321 1212 500 1246 beatorum
528 1212 672 1247 animas·

193 1308 226 1342 8.
268 1304 430 1340 Hebraei
457 1310 539 1339 tunc
567 1316 588 1340 a
615 1306 728 1341 Pilato

324 1358 503 1402 postulant
533 1358 726 1392 custodiam

270 1410 439 1453 Militum,
469 1411 527 1452 qui
555 1410 601 1443 ad
629 1409 826 1452 sepulcrum

324 1462 537 1496 excubarent
565 1462 698 1505 vigiles,

271 1515 363 1557 Quos
393 1514 518 1547 terruit
547 1517 580 1546 et
608 1512 741 1557 fugavit

323 1566 411 1600 visio
441 1565 609 1609 angelica.

192 1662 231 1696 9.
269 1659 374 1695 Illico
403 1663 567 1702 surgente
596 1659 736 1694 Christo

323 1712 433 1746 omnis
461 1715 556 1745 terra
584 1712 735 1754 tremuit,

271 1763 430 1798 Mortuos
458 1764 540 1797 olim
569 1764 725 1807 sepultos

323 1819 407 1849 tunc
434 1816 591 1849 viventes
619 1815 795 1858 reddidit3

273 1867 424 1902 Nuntius
455 1868 614 1901 caelestis
643 1867 774 1910 inquit:

326 1919 518 1953 resurrexit
544 1919 726 1953 Dominus.

169 2012 233 2047 10.
275 2011 452 2047 Karorum
483 2012 733 2057 discipulorum

329 2065 435 2099 corda
462 2065 616 2098 mulcens
644 2065 798 2108 loquitur

273 2116 429 2151 Hortans
458 2117 515 2160 pie
543 2126 584 2151 ac
612 2117 759 2161 benigne

327 2169 436 2202 sacris
464 2169 681 2214 mulieribus,

276 2220 325 2255 Ut
351 2221 443 2254 irent
470 2220 506 2253 in
535 2221 693 2255 Galilaea

330 2272 558 2314 viderentque
587 2273 784 2309 Dominum.

174 2365 236 2400 11.
279 2363 382 2398 Laeti
413 2370 557 2399 cernunt
583 2376 699 2409 regem
727 2376 845 2409 regum

333 2417 537 2459 magistrum
567 2418 741 2462 discipuli,

278 2468 371 2510 Quos
401 2479 464 2511 per
493 2469 566 2503 dies
596 2470 836 2512 quadragenos

331 2520 489 2554 visitavit
515 2521 665 2566 saepius,

281 2571 498 2614 Domumque
526 2582 632 2615 regna
661 2573 835 2607 caelorum

335 2624 493 2658 ascendit
522 2624 557 2658 in
586 2625 742 2667 gloriam.

911 241 969 276 12.

915 601 974 636 13.

916 954 974 988 14.

917 1661 976 1696 16.

926 2014 984 2048 17.

926 2367 984 2402 16.

1012 239 1140 275 Munus
1168 242 1250 276 inde
1275 243 1416 276 mittens
1444 242 1515 276 suis

1065 293 1210 335 spiritus
1239 294 1414 337 paracliti,
1469 321 1472 324 .

1014 343 1118 378 Cuius
1147 345 1284 378 accensi
1311 347 1424 379 calore

1065 395 1172 428 locuti
1203 395 1367 438 discipuli

1014 446 1155 481 Cunctis
1185 447 1347 490 gentibus
1375 449 1548 491 stupenda

1069 497 1186 532 divina
1217 499 1400 542 magnalia.

1018 598 1157 634 Nostris
1185 601 1260 642 ipse
1289 601 1384 635 Iesus
1413 602 1571 637 Christus

1069 651 1172 685 finem
1199 656 1306 695 ponat.
1333 654 1519 695 scandalis,

1018 704 1083 746 Qui
1111 714 1175 747 pro
1202 704 1303 738 nobis
1333 704 1410 738 dira
1437 706 1566 748 probra

1071 756 1210 789 sustulit
1239 755 1282 789 ab
1311 756 1447 803 impiis,

1017 807 1126 842 Omne
1155 807 1288 841 facinus
1319 809 1485 850 explodat

1070 859 1125 893 hic
1153 870 1174 893 a
1200 860 1300 894 nobis
1329 860 1475 902 miseriS‚

1019 951 1147 988 Orrida
1174 953 1296 995 procul
1324 958 1456 987 remota

1068 1005 1201 1038 Averni
1230 1005 1402 1048 supplicia

1015 1057 1217 1099 Adepturos
1246 1066 1308 1090 nos
1337 1062 1489 1091 assumat

1070 1108 1225 1151 paradisi
1254 1109 1392 1151 gaudia,

1018 1160 1129 1195 Potiri
1157 1164 1195 1193 ut
1223 1170 1416 1193 mereamur

1074 1212 1160 1246 caeli
1190 1212 1400 1247 habitacula.

971 1333 978 1341 .
1019 1304 1270 1341 Praeferentes
1299 1306 1431 1349 signum
1462 1306 1574 1340 crucis

1073 1358 1274 1400 angelorum
1302 1358 1450 1401 agmina,

1022 1409 1147 1444 Cernui
1177 1415 1324 1443 venturo
1353 1411 1425 1452 regi

1074 1461 1281 1504 praebentes
1311 1462 1487 1506 obsequia,

1022 1513 1173 1548 Terrore
1202 1523 1368 1548 concussa
1397 1518 1474 1546 ruet

1075 1569 1198 1599 cuncta
1226 1566 1346 1599 muudi
1375 1565 1545 1599 machina.

1020 1658 1131 1705 Quum
1160 1659 1310 1694 terribili
1341 1660 1503 1702 clangore

1071 1711 1230 1745 tubarum
1261 1721 1328 1745 vox
1359 1712 1503 1745 caelitus

1020 1763 1192 1805 Sonuerit,
1222 1768 1258 1796 ut
1290 1764 1460 1797 extinctos

1071 1820 1167 1849 terra
1194 1816 1323 1849 reddat
1350 1820 1516 1858 mortuos,

1019 1867 1233 1901 Reddituros
1263 1867 1431 1901 rationem

1073 1919 1222 1963 Christo,
1254 1919 1338 1961 regi,
1367 1919 1529 1954 Domino.

1026 2011 1134 2046 Radii
1160 2013 1242 2046 solis
1271 2013 1315 2046 ad
1345 2014 1457 2046 instar

1080 2064 1239 2098 Christus
1267 2065 1374 2098 iudex
1403 2066 1518 2099 veniet

1030 2115 1227 2150 Collaturus
1257 2117 1323 2159 piis
1352 2126 1509 2161 regnum,

1079 2169 1195 2210 impiis
1224 2169 1444 2211 supplicium.

1029 2220 1123 2255 Crux
1151 2230 1212 2253 nos
1233 2224 1315 2254 tunc
1335 2221 1426 2254 alma
1445 2224 1607 2264 protegat

1079 2277 1113 2305 et
1141 2272 1184 2305 ab
1213 2272 1265 2305 ira
1293 2278 1401 2317 eruat,

1028 2365 1168 2401 Sanctis
1198 2370 1231 2399 ut
1261 2366 1363 2399 simul
1390 2365 1478 2399 uniti

1082 2418 1267 2451 evadamus
1297 2422 1430 2452 tartara

1029 2469 1224 2512 Proculque
1252 2470 1352 2503 laeva
1382 2470 1520 2503 deserta

1081 2525 1257 2554 teneamus
1288 2521 1478 2566 dexteram,

1029 2572 1077 2608 Ut
1107 2582 1182 2606 eum
1212 2573 1350 2607 Christo
1385 2575 1557 2614 potiamur

1080 2623 1249 2658 infinitam
1278 2624 1438 2669 gloriam,
