1652 2872
89 136 164 174 232
412 137 492 166 Pars
515 138 540 167 Ι.
584 134 702 176 Hymni
725 140 938 178 antiquissimi
963 149 1044 169 saec.
1066 139 1202 169 V.—-X1.

369 243 401 278 7.
443 242 638 285 Stephanus
665 245 836 287 quondam
865 245 1052 287 podagram
1082 244 1228 277 removit

441 294 594 329 Caelitus
620 295 701 329 latis
729 296 890 338 precibus
918 296 1074 338 benignis

440 345 486 379 Et
514 346 668 380 revelato
695 348 899 381 medicantis
927 358 989 381 usu

583 397 737 433 Blandus
766 399 856 435 iatri.

363 500 398 534 8.
443 500 527 534 Cum
557 511 642 544 puer
669 506 766 535 sueto
792 501 909 544 pueris
937 501 1075 536 iocandi

438 553 537 587 More
564 555 655 587 inter
684 554 786 586 boves
815 557 945 586 tereret
971 553 1147 595 terendus,

438 604 613 648 Stephano
642 605 813 639 extinctus
841 605 1036 639 medicante
1062 605 1153 638 vitae

579 656 643 691 Est
672 660 863 690 revocatus.

360 760 393 794 9.
437 759 559 793 Nonna
588 759 776 801 desperans
805 759 952 792 reditum
984 759 1026 792 de
1054 765 1131 794 arta

436 810 551 844 Fauce
579 811 699 844 mortis
727 820 805 844 mox
835 811 982 845 tonicam
1013 810 1113 845 beato

437 862 611 905 Stephano
640 862 753 904 misit3
782 862 946 907 moritur3
979 862 1123 896 reducta

581 914 655 956 Qua
683 914 874 949 revirescit.

333 1018 390 1053 10.
434 1017 562 1051 Bassus
591 1020 624 1051 et
654 1021 769 1052 natam
798 1017 902 1051 simili
932 1017 1067 1052 medela

433 1069 607 1103 Mortuam
637 1069 727 1104 vitae
755 1069 933 1104 revocavit
959 1069 1064 1110 horis,

435 1121 645 1164 Stephanum
675 1121 792 1155 multis
823 1121 975 1156 lacrimis
1002 1121 1180 1155 misertum

577 1172 826 1208 Mollifieando.

332 1276 391 1312 11.
435 1276 547 1311 Filius
575 1287 715 1320 parvus,
745 1277 856 1321 patris
885 1287 986 1311 omne
1015 1288 1143 1320 carum,

433 1329 582 1373 Spiritus
610 1329 748 1363 iamiam
777 1339 904 1363 vacuus
933 1330 1059 1376 calore,

433 1380 601 1424 Stephani
630 1385 743 1416 tactus
772 1382 848 1416 oleo
876 1381 1003 1416 revixit

576 1433 692 1468 Morte
721 1437 865 1470 remota.

330 1536 389 1573 12.
432 1537 530 1571 Haec
557 1537 742 1572 Eleusinus
770 1537 982 1581 Stephanum
1012 1541 1153 1582 patrare

431 1589 598 1631 Audiens,
628 1594 744 1624 natum
775 1590 965 1624 exanimem
995 1588 1131 1624 ferebat

431 1641 625 1685 Martyrum
655 1643 784 1677 Christi
814 1642 971 1676 manibus
1002 1642 1221 1681 medendum,

576 1695 707 1738 Estque
737 1695 787 1728 ita
815 1693 957 1731 factum.

330 1798 388 1834 13.
430 1798 617 1832 Aemulans
647 1799 810 1834 Petronia
838 1809 937 1842 quem
966 1798 1099 1832 misella

431 1849 642 1893 Stephanum
673 1851 796 1893 pernix
825 1851 994 1884 medicum
1023 1850 1166 1894 requirit

430 1901 579 1936 Fascino
604 1907 733 1946 spreto,
765 1903 937 1947 celerique
964 1903 1093 1946 gaudet

574 1954 721 1989 Munere
748 1957 872 1992 saneti.

328 2057 388 2092 14.
433 2057 560 2092 Paulus
589 2061 703 2092 autem
733 2059 894 2094 Palladia
922 2069 1041 2093 sorore

429 2109 473 2144 Se
502 2118 565 2151 per
593 2109 711 2143 orbem
741 2111 993 2144 concomitante
1020 2111 1128 2145 latum

430 2160 597 2205 Stephani
625 2165 708 2194 nutu
738 2163 849 2196 caruit
875 2167 1025 2196 tremore

573 2213 626 2246 Ac
650 2223 748 2247 soror
776 2214 863 2256 ipsa.

331 2316 387 2349 15.
430 2315 526 2348 Haec
554 2315 638 2348 mihi
667 2316 789 2350 doctor
817 2316 937 2350 retulit
964 2317 1109 2361 peritus,

430 2366 561 2400 Nomen
588 2367 774 2410 augusti
804 2368 927 2401 merito
954 2372 1142 2411 retentam,

427 2418 521 2460 Quae
549 2418 623 2461 tibi,
654 2420 792 2462 praesul
817 2420 1012 2454 venerande
1033 2417 1248 2457 Ruodbreht,

572 2471 689 2514 Pange
717 2472 883 2507 canenda.

160 2595 289 2624 Collect.
319 2603 374 2622 ms.
405 2593 613 2629 Sangallense
642 2603 724 2622 saec.
754 2591 807 2630 (8.)
836 2591 882 2623 10.
912 2591 982 2630 (11).
1039 2593 1114 2623 Cod.
1146 2594 1327 2632 Sangallen.
1358 2593 1427 2625 242.
1457 2612 1497 2616 —-

76 2636 148 2674 Vgl.
171 2636 222 2665 die
245 2636 326 2665 Note
348 2645 387 2664 zu
409 2635 464 2664 Nr.
490 2633 557 2664 199.
