1652 2872
97 158 169 193 122

95 263 128 296 3.

172 262 198 294 O
227 259 374 301 leoma,
404 258 533 293 Christi

224 311 454 352 perlustrator
481 311 611 353 lateris,

173 363 240 396 Per
268 362 329 395 illa
356 365 477 395 sancta

223 420 257 446 te
286 423 443 456 rogamus
473 414 626 458 vulnera,

172 466 265 507 Quae
292 465 410 498 mundi
441 470 562 499 cuncta

224 517 399 550 diluerunt
428 517 582 559 crimina,

170 567 316 601 Nostros
345 573 460 601 reatus

221 623 317 663 terge
345 620 413 652 ‘tuis
441 620 601 662 precibus

174 722 301 757 Iacobe
327 723 426 767 iuste,

223 775 302 808 Iesu
331 772 442 808 frater
470 774 620 815 Domini,

172 826 225 860 Sit
253 825 316 858 tibi
344 826 403 868 pia

223 886 328 919 super
356 887 418 910 nos
446 876 648 920 compassio,

168 928 258 970 Quos
288 937 363 961 reos
392 926 475 960 fecit

224 979 374 1022 superba
401 979 566 1012 iactantia

170 1032 285 1073 Atque
314 1030 468 1065 foedavit

219 1082 339 1116 mundi
367 1082 570 1125 petulantia.

175 1185 279 1220 Proui
308 1195 477 1230 rogamus,

225 1234 403 1280 Philippa,
433 1247 470 1270 os
498 1237 682 1281 lampadis,

173 1288 252 1323 Pias
282 1289 440 1322 caelestis

219 1350 320 1374 aures
348 1341 449 1384 pulsa
476 1340 612 1386 iudicis,

167 1392 225 1437 Ut,
255 1402 343 1435 quae
370 1402 552 1436 meremur,

219 1445 367 1487 repellat
394 1444 567 1487 supplicia

165 1495 223 1537 Et,
252 1506 338 1538 quae
365 1505 556 1538 precamur.

221 1548 279 1581 det
307 1557 456 1590 superna
484 1548 620 1591 gaudia.

718 1617 738 1639 ης

794 1646 815 1668 >k

837 262 872 296 6.

871 1618 891 1640 ²1<

420 156 498 183 Pars
523 155 546 183 I.
591 156 710 191 Hymni
734 158 949 195 antiquissimi
974 168 1054 188 saec.
1078 159 1214 188 V.--XI.

913 262 1174 302 Bartholomae‚

966 313 1051 346 caeli
1079 313 1174 346 sidus
1201 322 1352 354 aureum,

916 364 1032 398 Milies
1058 374 1163 406 supra

966 415 1048 448 solis
1074 415 1174 448 iubar
1201 415 1353 461 radianS,

913 466 1019 508 Erige
1047 471 1177 499 mentes

965 523 1101 552 nostras
1127 517 1208 560 polo
1234 517 1393 552 turbidas

913 570 1115 611 Aegrasque
1143 572 1280 602 nostras

965 630 1049 653 sana
1078 620 1318 656 conscientias».

917 722 1098 757 Matthace
1124 726 1253 765 sancte,

970 774 1050 807 bino
1078 773 1212 816 pollens
1240 783 1392 817 munere,

917 824 1053 859 Sedulis
1082 827 1195 860 Iesum

966 877 1152 919 interpella
1180 876 1368 920 questibus,

913 928 961 963 Ut
989 938 1051 961 nos
1078 928 1113 961 iu
1141 928 1260 962 mundi

967 979 1138 1022 gubernet
1165 979 1370 1026 turbinibus,

916 1031 967 1064 Ne
997 1035 1075 1073 post
1103 1035 1263 1065 aeternus

967 1083 1107 1116 sorbeat
1136 1084 1308 1118 interitus

915 1186 1022 1220 Beate
1049 1186 1174 1221 Simon

967 1242 1000 1271 et
1027 1237 1218 1272 Thaddaee
1247 1238 1378 1282 inclite,

915 1289 1056 1324 Cernite
1083 1294 1221 1323 nostros

967 1342 1114 1384 gemitus
1143 1352 1218 1375 cum
1248 1341 1411 1386 lacrimis,

914 1393 1047 1436 Quique
1074 1403 1138 1436 per
1163 1393 1298 1436 lapsum

964 1455 1202 1487 promeremur
1230 1445 1441 1489 barathrum,

915 1497 982 1531 Per
1010 1507 1071 1531 vos
1101 1497 1274 1531 caelorum

966 1558 1160 1583 mereamur
1186 1550 1331 1585 aditum.

274 1704 309 1738 9.
351 1703 493 1738 Mathia
521 1704 622 1748 iuste,
652 1705 811 1739 duodeno
839 1705 926 1738 solio

354 1756 526 1790 Residens
553 1761 657 1798 sorte,
686 1766 748 1791 nos
776 1767 797 1791 a
825 1756 957 1790 cunctis
985 1757 1132 1791 nexibus

355 1807 457 1842 Solve
485 1808 631 1850 peccati,
661 1818 764 1842 verae
791 1809 878 1842 lucis
906 1809 1041 1851 gaudiis

355 1860 429 1901 Quo
456 1858 676 1901 perfruamur
703 1860 771 1894 tuis
799 1861 927 1894 sanctis
956 1860 1129 1903 precibus.

255 1962 312 1996 10.
351 1963 483 1996 Praeco
512 1962 659 2006 benigne
684 1966 719 1996 et
748 1963 852 1997 decus
881 1964 1060 2006 ecclesiae,

354 2014 530 2047 Barwaba
558 2018 688 2057 sancte,
718 2018 837 2049 cernat
864 2019 902 2049 ut
929 2015 1098 2058 miserias,

353 2065 520 2108 Supplica
549 2066 736 2110 Christum,
765 2066 918 2109 patimur
945 2077 1029 2109 quas
1058 2067 1191 2110 merito,

356 2116 487 2150 Releva
515 2118 645 2150 sanctis
673 2127 802 2160 nosque
830 2118 899 2151 tuis
926 2118 1100 2161 precibus.

252 2220 311 2255 11.

353 2219 467 2262 Luca,
497 2219 609 2254 fidelis
637 2221 727 2254 lator
755 2221 884 2257 Christi
914 2222 1094 2269 dogmatis,

354 2271 498 2314 Spretor
527 2272 675 2306 carnalis
702 2272 836 2314 integer
864 2274 1047 2318 cupidinis,

353 2322 491 2356 Medice
520 2323 620 2357 docte
649 2325 802 2368 corporis
830 2329 865 2358 et
891 2326 1037 2369 animae,

356 2373 446 2408 Sana
474 2379 615 2408 veterna
643 2377 738 2418 aegri
765 2377 882 2411 cordis
911 2375 1076 2414 vulnera)

354 2475 490 2519 Marce,
519 2477 680 2512 sacerdos
708 2479 839 2513 levitici
866 2479 1010 2522 ordinis,

352 2528 519 2561 Precibus
547 2529 614 2562 tuis
642 2540 703 2563 nos
731 2541 751 2564 a
780 2531 912 2564 cunctis
941 2530 1086 2565 vinculis

356 2579 458 2613 Solve
485 2584 613 2623 reatus,
641 2581 707 2615 hoc
734 2586 772 2614 ut
799 2583 877 2624 pius
905 2582 1073 2617 Dominus

356 2629 465 2664 Nobis
493 2632 672 2676 concedat,
701 2633 791 2675 quod
821 2643 904 2667 sana
932 2642 1027 2666 mens
1055 2633 1226 2669 obsecrat.
