1652 2872
519 143 554 171 B.
588 140 710 178 Hymni
732 139 770 168 de
791 138 948 176 Tempore
970 138 1096 173 Proprii
1468 138 1516 176 69

93 245 132 275 12
155 256 182 276 a.
213 246 251 275 G.
283 261 325 265 -α
357 246 442 274 Viat.
470 254 528 273 ms.
557 243 674 272 Johan.
705 241 924 271 Noviforensis
954 251 1035 271 saec.
1070 242 1116 272 14.
1168 245 1244 274 Cod.
1275 246 1358 276 Mus.
1387 248 1518 278 Bohem.

92 288 173 317 XIII
189 287 218 316 A
234 285 281 316 12.
298 288 339 315 Η.
363 304 403 307 -
424 287 516 314 Brev.
541 294 597 314 ms.
613 283 817 312 Trebonense
839 291 921 311 saec.
947 282 995 312 15.
1032 283 1106 313 Cod.
1123 286 1256 324 Pragen.
1274 288 1318 317 VI
1334 290 1358 318 F
1377 287 1413 318 12
1428 291 1459 319 b.
1475 291 1517 319 Η.

91 344 131 349 —
147 330 241 358 Brev.
259 338 316 356 ms.
332 327 493 366 Pragense
515 335 596 355 saec.
622 324 668 353 15.
704 324 778 353 Cod.
803 324 834 353 S.
853 325 998 353 Danielis
1017 324 1084 354 167.
1100 327 1125 355 1.
1140 342 1182 346 —
1199 329 1288 357 Brev.
1306 340 1362 359 ms.
1380 330 1517 361 Carmeli

89 371 124 398 in
145 369 308 399 Freistadt
330 377 410 397 saec.
437 367 484 398 15.
528 367 605 397 Cod.
626 366 868 395 Wratislavien.
890 366 915 394 Ι.
939 366 965 394 O
989 364 1038 395 72.
1063 367 1101 396 K.
1124 383 1165 387 ——
1186 370 1280 399 BreV.
1302 381 1360 400 ms.
1383 373 1518 402 Nurem—

90 411 243 449 bergense
267 411 342 438 anni
362 407 450 438 1412.
494 408 570 438 Cod.
594 409 664 436 ivit.
687 407 934 444 Nurembergen.
958 408 1019 436 VII
1041 406 1089 438 43.
1113 410 1149 438 L.

177 451 201 487 l,
230 450 243 480 1
268 451 351 480 Ecce
374 460 458 479 nunc
480 453 603 488 tempus
626 449 726 478 EHL.
750 464 792 468 —-
817 446 841 483 1,
866 447 885 477 2
907 449 1067 478 Medicina
1090 450 1126 478 E.
1150 467 1191 470 —
1215 451 1240 486 1,
1264 451 1283 480 4
1306 463 1359 483 ore
1381 454 1430 491 (st.
1448 466 1517 485 ver-

88 493 151 530 bis)
172 494 211 522 E.
235 510 274 514 —
296 490 330 526 2,
362 490 378 520 1
403 494 474 530 pius
498 495 528 520 et
550 491 586 518 A.
612 507 649 511 -—
673 488 703 523 2,
729 489 749 519 2
771 488 886 528 [Nobis
909 488 960 528 pe}
984 492 1093 528 percit..
1117 493 1153 520 L.
1178 509 1218 514 —
1244 490 1272 527 3,
1298 493 1312 522 1
1337 497 1438 525 Nunc.
1461 498 1516 533 IL,

88 536 175 564 Huic
197 535 222 564 F
247 550 289 553 —
312 531 341 568 3,
365 530 384 562 3
408 534 602 570 Cunctisque
624 532 764 561 EFGIL.
789 547 827 550 —
851 530 885 565 3,
915 530 935 559 4
957 532 1144 562 Placeamus
1168 534 1218 562 ΡΙ.
1241 550 1280 554 -—-
1306 534 1335 571 4,
1359 534 1378 565 2
1400 538 1518 577 Purget

88 577 127 605 D.
152 592 191 596 —
213 575 242 611 4,
265 573 285 604 3
307 584 344 604 ac
366 575 403 604 E.
427 590 468 594 -—
490 573 518 608 5,
543 573 562 602 2
585 573 627 602 Et
650 575 718 603 eins
742 574 779 601 A.
802 589 842 592 —
869 572 903 608 5,
933 572 954 601 4
977 574 1039 610 Qui
1063 583 1095 602 es
1119 575 1222 603 trinus
1245 579 1276 604 et
1298 587 1378 606 unus
1402 580 1455 617 L.;
1487 583 1518 609 et

88 617 169 646 fehlt
195 618 234 647 E.
265 633 303 636 -—
332 617 370 645 In
392 617 476 646 F--I
506 617 548 644 ist
577 615 633 644 der
656 616 803 652 Hymnus
833 624 890 643 zur
911 611 1065 644 Noetzwn
1091 617 1124 644 in
1154 616 1209 645 der
1238 617 1419 648 Fastenzeit
1446 631 1517 651 ver·

88 659 221 688 wendet.
243 674 284 678 —
314 658 365 686 Da
388 658 451 687 alte
478 657 613 692 Quellen
643 657 694 685 fiir
715 657 826 685 diesen
848 657 996 694 Hymnus
1025 657 1088 686 fast
1108 665 1190 696 ganz
1212 667 1377 698 versagen.
1402 663 1516 692 musste

86 701 139 730 ich
164 701 298 739 jiingere
328 699 567 735 herbeiziehen;
600 699 743 727 einzelne
769 697 942 736 gedruckte
970 699 1119 728 Breviere
1148 700 1191 727 im
1214 701 1340 738 Repert.
1364 703 1516 740 Hymnol.

87 743 143 772 Nr.
166 740 256 771 5195.
451 741 454 744 ’

572 873 626 905 69.
662 873 703 905 In
727 872 1026 918 Quadragesima.

89 983 123 1018 1.
165 982 304 1017 Summe
332 982 485 1016 salvator
512 981 662 1015 omnium
833 982 868 1017 4.
911 981 982 1014 Nos
1011 980 1075 1014 filii
1103 981 1270 1016 ecclesiae

164 1035 327 1068 Indultor
354 1037 389 1067 et
414 1033 662 1077 peccaminum,
912 1033 985 1066 Tuo
1015 1033 1188 1075 redempti
1217 1034 1385 1076 sanguine

167 1088 258 1131 Iesu,
288 1086 556 1129 quadragenarii
911 1085 1007 1118 Voce
1035 1094 1220 1127 precamur
1251 1085 1384 1131 humili,

168 1138 399 1172 Consecrator
423 1137 554 1181 ieiunii,
912 1136 966 1170 Ne
994 1146 1175 1179 pereamus
1205 1138 1336 1172 miseri.

90 1243 127 1277 2.
171 1242 225 1276 Da
253 1242 405 1284 pectoris
434 1240 651 1286 munditiam,
836 1243 870 1276 5.
915 1240 1006 1275 Sana
1034 1240 1256 1284 languentum
1284 1243 1439 1288 vulnera,

167 1293 332 1337 Corporis
362 1293 610 1338 castimoniam,
912 1292 1002 1326 Dum
1031 1293 1287 1336 restringuntur
1316 1304 1476 1340 corpora,

165 1346 219 1380 Ne
247 1346 362 1380 valeat
389 1346 583 1387 irrumpere
912 1344 999 1378 Dele
1028 1345 1122 1378 virus
1151 1346 1305 1379 malitiae

168 1397 361 1441 Corruptor
388 1397 590 1442 pudicitiae,
910 1396 1052 1431 Medela
1079 1397 1326 1441 parcimoniae,

87 1502 125 1536 3.
168 1501 232 1544 Qui
260 1501 515 1544 protoplastum
544 1501 651 1536 vetito
837 1503 870 1536 6.
915 1500 1011 1534 Sicut
1039 1501 1075 1534 in
1101 1501 1320 1544 sterquilinio

165 1552 319 1587 Illiciens
350 1553 465 1587 edulio
912 1552 1142 1595 Benignitatis
1171 1553 1270 1587 oculo

166 1605 207 1639 In
237 1604 337 1638 huius
367 1605 458 1638 vitae
486 1604 658 1639 torridum
914 1605 1083 1648 Dignatus
1110 1615 1145 1638 es
1174 1605 1327 1640 revisere

166 1656 371 1691 Detruserat
401 1657 624 1699 ergastulum.
913 1656 981 1690 Job
1008 1657 1044 1690 in
1072 1655 1193 1691 favilla
1222 1661 1256 1691 et
1284 1657 1409 1694 cinere.

464 1762 482 1773 μ,

468 1773 496 1796 ι.
540 1762 696 1804 Praesta⁷
726 1764 838 1803 pater,
867 1771 929 1804 per
958 1760 1078 1803 filium,

538 1814 685 1847 Praesta
720 1822 784 1856 per
812 1813 939 1846 almum
967 1813 1139 1857 spiritum,

539 1866 625 1900 Cum
656 1865 710 1898 his
736 1874 799 1907 per
827 1874 949 1899 aevum
978 1865 1111 1907 triplici

538 1918 635 1952 Unus
664 1916 758 1951 Deus
787 1916 1000 1960 cognomine.

168 2019 286 2057 Hyinn.
319 2030 377 2049 ms.
399 2021 621 2050 Wintoniense
644 2029 725 2049 saec.
750 2018 798 2048 11.
843 2020 919 2049 Cod.
943 2020 1045 2058 Capit.
1071 2020 1259 2050 Dunelmen.
1282 2021 1308 2049 B
1330 2021 1379 2050 III
1401 2018 1451 2050 32.
1475 2037 1514 2041 -

86 2060 133 2090 Zu
157 2060 183 2096 1,
205 2058 224 2090 3
247 2070 292 2099 sq.
317 2062 371 2091 cfr.
396 2059 493 2100 „Iesu
516 2059 799 2099 quadraqeoszarzssae
819 2058 823 2098 Ι
842 2059 983 2091 Dieator
1005 2060 1240 2091 abstinentz'ae“
1257 2061 1323 2097 (Nr.
1341 2061 1396 2099 583
1420 2063 1512 2092 eben-

86 2101 159 2132 dort
179 2102 243 2131 und
265 2104 299 2133 in
321 2104 393 2133 Nrr.
411 2101 450 2133 56
472 2103 537 2132 und
559 2101 598 2132 57
617 2102 864 2141 „parciinonia“,
887 2104 947 2132 wie
963 2103 1032 2133 hier
1047 2102 1075 2139 5,
1098 2102 1138 2141 4).
1155 2119 1196 2124 —
1213 2103 1296 2133 Titel
1313 2114 1388 2133 nur:
1414 2105 1513 2142 „Item

84 2141 230 2182 ymnus“‚
254 2147 330 2176 aber
351 2149 444 2175 unter
465 2145 526 2174 den
547 2145 814 2182 Fastenhymnen.

543 2316 593 2349 70.
629 2317 671 2349 In
693 2316 873 2350 Passione
895 2316 1057 2349 Domini.

617 2381 671 2410 Ad
704 2379 731 2410 1.
760 2381 973 2418 Vesperas.

92 2475 126 2510 1.
167 2475 243 2510 Rex
272 2475 470 2518 angelorum
498 2479 721 2520 praepotens,
833 2477 868 2509 2.
910 2475 1055 2517 Largire
1083 2475 1182 2509 nobis
1209 2484 1379 2518 prospera

167 2527 232 2569 Qui
267 2531 390 2569 sponte
417 2537 551 2570 pauper
579 2525 691 2560 factus
720 2537 765 2573 es,
913 2526 1033 2560 Crucis
1061 2537 1161 2561 sacra
1188 2527 1369 2561 sollemnia

168 2577 217 2612 Ut
243 2588 305 2612 nos
333 2588 396 2620 per
423 2588 543 2612 aevum
574 2578 699 2612 divites
911 2577 1104 2620 Gratesque
1133 2579 1178 2612 da
1204 2579 1404 2621 persolvere

170 2629 209 2662 In
238 2630 358 2664 aethre
385 2634 497 2664 tecum
525 2640 684 2674 poneres,
909 2629 1059 2672 Magnae
1085 2634 1166 2664 tuae
1195 2630 1409 2664 clementiae.
