1652 2872
93 143 164 179 160
410 141 488 170 Pars
511 142 536 170 Ι.
579 142 700 179 Hymni
723 142 938 180 antiquissimi
960 149 1042 170 saec.
1063 139 1201 169 V.-XI.

172 244 302 274 Collect.
332 253 388 273 ms.
412 242 667 282 Cluniacense(?)
695 253 777 274 saec.
810 243 856 274 10.
887 242 948 275 (ll.
976 246 1007 273 et
1032 241 1090 277 12.)
1133 241 1208 271 Cod.
1232 241 1377 269 Vatican.
1401 240 1513 277 Regin.

86 285 157 315 493.
188 302 226 304 —
257 283 291 319 2,
323 285 341 313 ’Δ
371 285 448 314 fides
479 285 594 315 hausit.
629 303 664 307 --
693 284 729 323 2,
759 285 779 315 3
804 286 984 315 Obmittens
1012 284 1043 318 (b
1072 284 1150 313 iiber
1172 282 1210 318 O)
1238 283 1332 311 fastu.
1360 297 1400 300 —-
1430 278 1465 315 3,
1496 279 1515 309 2

89 328 260 356 eaelebres.
283 342 322 346 —
344 325 382 361 4,
408 326 421 355 1
446 327 593 356 Furente.
615 343 656 347 -
678 325 707 362 8,
730 325 750 356 4
772 328 946 357 Restituac.
968 342 1008 346 ——
1031 324 1060 359 9,
1083 323 1102 354 ὃ
1125 323 1283 353 assiduae.
1306 340 1345 344 -—
1368 324 1429 352 Die
1451 322 1514 351 Ab·

89 368 200 397 schrift
222 368 325 397 dieses
346 367 455 398 bisher
477 368 663 398 unedierten
685 369 832 406 Hymnus
855 369 1002 406 besorgte
1022 367 1144 405 glitigst
1167 366 1345 394 Bannister.

434 490 508 524 1:37.
542 490 584 522 In
607 490 727 524 sancti
754 489 897 530 Agnelli
920 489 1170 530 Neapolitani.

500 545 681 582 Hymnus
703 543 819 573 Petri
844 543 1108 573 Subdiaconi.

277 619 422 663 Plaude,
450 618 552 653 beate
581 620 697 661 Pater,
728 618 870 652 caelesti
900 626 1042 651 munere
1072 619 1223 663 saeptus,

327 670 514 705 Plausibus
544 670 722 713 angeliciS,
753 669 894 712 plaude,
924 669 1024 702 beate
1051 672 1163 711 pater.

277 722 330 757 Sit
357 722 421 756 tibi
450 731 601 756 summus
630 721 753 764 honor,
784 720 942 756 caelestis
971 720 1082 763 gloria
1108 729 1246 764 perpeS,

330 774 392 809 Sat
420 774 500 817 quia
527 773 617 807 mira
644 777 777 815 patras,
805 773 851 805 sit
877 771 942 805 tibi
971 781 1121 806 summus
1148 772 1271 809 honor.

227 826 248 859 5
279 827 384 869 Ergo,
414 826 515 859 beate
543 824 658 870 nimis,
687 824 849 866 precibus
880 824 1029 866 deposce
1057 827 1233 858 tonantem

331 879 399 913 Pro
427 876 540 920 gregis
568 875 718 917 offensis,
749 885 841 918 ergo,
872 875 973 909 beate
998 875 1112 918 nimis,

279 930 402 964 Funde
430 937 551 971 preces
581 927 749 972 placidas,
781 927 915 971 devote,
946 925 1063 969 funde,
1094 936 1288 970 precamur,

330 980 446 1015 Noxia
470 979 634 1023 pellendo
663 977 771 1012 funde
798 987 920 1020 preces
949 978 1118 1020 placidas,

279 1033 518 1074 Parthenopes
547 1031 712 1074 populum
741 1028 891 1064 defende
918 1029 962 1064 ab
990 1029 1089 1064 hoste
1116 1030 1279 1077 maligno,

205 1085 251 1118 10
333 1084 492 1126 Protege,
522 1092 688 1117 conserva
715 1082 952 1124 Parthenopes
980 1081 1159 1124 populum.

281 1136 455 1171 Pessimus
483 1135 543 1168 ille
573 1135 678 1169 draco
707 1132 817 1177 fugiat
845 1143 908 1167 nec
935 1143 1039 1168 saeva
1067 1134 1232 1177 propinet

331 1186 531 1222 Fraudibus
559 1186 652 1220 haud
679 1189 804 1221 noceat
832 1186 1002 1228 pessimus
1028 1185 1089 1219 ille
1119 1186 1237 1222 dracO.

282 1240 407 1274 Coetus
436 1242 471 1272 et
498 1238 672 1281 angelicus
702 1237 864 1272 caelestia
891 1241 1031 1281 sceptra
1058 1237 1241 1283 ministret,

333 1291 439 1334 Signa
467 1291 600 1336 salutiS,
631 1299 744 1334 opem,
774 1293 891 1323 coetus
919 1292 954 1323 et
978 1289 1154 1332 angelicus

208 1343 252 1377 15
284 1344 380 1378 Intus
409 1346 444 1376 et
472 1342 623 1376 exterius
651 1345 790 1376 tueatur
816 1350 958 1375 munere
986 1341 1129 1385 Christi,

337 1394 509 1437 Gaudeat,
539 1394 690 1428 exsultet
717 1393 810 1427 intus
839 1396 872 1427 et
898 1393 1062 1439 exterius,

285 1448 358 1489 Quo
387 1447 523 1481 valeant
552 1445 672 1480 famuli
701 1444 864 1480 famulari
895 1445 1145 1488 cunctipotenti

335 1499 480 1534 Cantica
509 1498 624 1532 dando
653 1498 739 1544 Deo,
768 1507 835 1540 quo
863 1498 1001 1532 valeant
1032 1495 1164 1531 famuli.

284 1551 414 1596 Gloria,
446 1550 593 1596 Christe,
623 1549 687 1584 tibi
715 1550 774 1592 qui
801 1553 920 1593 patras
949 1552 1046 1584 tanta
1074 1552 1247 1593 potenter,

208 1604 256 1638 20
337 1603 402 1645 Qui
430 1602 518 1636 bona
547 1605 671 1637 cuncta
698 1600 798 1646 facis,
826 1601 949 1647 gloria,
979 1601 1129 1647 Christe,
1159 1601 1236 1636 tibi.

183 1694 322 1734 Ughelli,
345 1695 443 1724 Italia
465 1704 571 1729 sacra,
598 1695 644 1724 VI
665 1693 814 1731 (Romae,
850 1692 953 1730 1659),
987 1704 1015 1732 p.
1039 1691 1088 1723 80.
1132 1694 1198 1723 Aus
1222 1693 1292 1723 dem
1315 1693 1412 1722 Liber
1435 1694 1527 1722 mira-

99 1737 243 1766 culorum
268 1746 291 1764 s.
315 1736 442 1776 Agnelli
465 1736 520 1765 des
545 1733 681 1775 „Petrus
704 1733 970 1774 Hypodiaconus
993 1743 1019 1764 s.
1042 1733 1321 1773 Parthenopewsis
1349 1732 1527 1771 ecc-Iesz'ae“,

99 1779 154 1807 der
177 1789 230 1807 um
252 1775 313 1807 890
337 1778 477 1813 schrieb3
502 1779 559 1807 mit
582 1778 636 1807 der
659 1778 936 1815 Quellenangabe:
962 1777 1031 1816 „Ex
1053 1777 1161 1806 codice
1185 1777 1276 1806 eard.
1301 1775 1333 1806 S.
1357 1774 1528 1806 Severinae

101 1818 322 1858 exscriptu1n.“
357 1835 395 1838 —
425 1820 642 1849 Unmittelbar
671 1829 788 1849 vorans
818 1819 893 1858 geht
926 1820 996 1848 eine
1026 1818 1194 1848 metrische
1215 1818 1452 1856 Beschreibung
1474 1818 1528 1847 der

99 1861 274 1896 Miracula‚
304 1861 484 1900 beginnend
513 1862 570 1890 mit
601 1858 766 1898 „Laudem
799 1859 924 1890 Christe
952 1859 1010 1889 tibi
1035 1858 1204 1898 persolvat
1232 1861 1318 1889 terra
1343 1858 1527 1898 polusque‘*

100 1903 243 1941 (Ughelli
273 1903 294 1932 l.
317 1913 360 1938 c.,
392 1903 452 1932 col.
476 1901 515 1932 77
539 1903 628 1941 sqq).
672 1903 732 1932 Am
756 1903 882 1932 Sehluss
905 1903 1072 1932 derselben
1094 1906 1192 1931 neunt
1214 1901 1282 1931 sich
1304 1901 1360 1930 der
1381 1901 1527 1931 Dichter:

287 1965 383 1994 Haud
407 1975 465 2003 ego
490 1966 552 1994 iam
575 1963 711 1995 Petrus
735 1964 847 1993 dubito
874 1964 1095 2002 percommoda
1118 1964 1199 1993 lucis

287 2006 315 2035 A
338 2008 469 2036 Domini
492 2006 621 2042 famulo,
645 2008 736 2035 cuius
759 2007 915 2035 miracula
937 2015 1027 2035 sacra

288 2048 442 2077 Versibus
466 2056 503 2076 ae
530 2049 633 2086 prosis
656 2048 838 2086 deprompsi
861 2048 978 2077 famine
1001 2048 1106 2086 digno.

288 2089 350 2118 Sed
372 2092 428 2118 tua
446 2087 547 2126 plura
571 2087 660 2126 loqui
682 2090 809 2118 veniam
831 2089 882 2124 da,
906 2092 1023 2125 sancte,
1047 2098 1222 2127 precamur,

332 2130 381 2159 Sit
403 2140 528 2168 quoque
551 2131 596 2159 sie
618 2130 775 2168 (Ughelli:
801 2131 853 2165 sit)
874 2130 957 2166 finis,
981 2130 1035 2159 sed
1057 2134 1111 2160 tua
1135 2131 1226 2169 plura
1245 2130 1344 2168 loqui.

186 2193 300 2221 Dieses
325 2191 496 2220 Distichon
518 2192 599 2221 nach
615 2192 673 2221 Art
689 2191 790 2228 jener,
819 2192 869 2221 die
892 2202 921 2221 u.
939 2202 967 2222 a.
983 2192 1131 2222 Wolstan
1153 2202 1216 2221 von
1232 2192 1434 2222 winchester
1454 2191 1530 2231 (vgl.

104 2233 160 2262 Nr.
186 2232 257 2269 142)
287 2232 383 2267 liebt,
414 2233 500 2262 fiihrt
528 2234 606 2262 iiber
629 2243 699 2262 zum
722 2234 837 2272 obigen
862 2235 1018 2272 Hymnus,
1042 2234 1102 2263 den
1124 2234 1254 2273 Ughelli
1277 2233 1365 2262 nicht
1385 2237 1532 2272 getrennt

104 2274 305 2304 hervorhebt.
348 2275 425 2303 Man
447 2274 511 2311 vgl.
535 2275 594 2303 den
618 2275 764 2312 Hymnus
787 2276 845 2304 auf
862 2277 1019 2304 Martinus
1041 2276 1177 2304 Martius
1199 2274 1265 2312 (ΝΥ.
1294 2273 1372 2311 177).

564 2397 638 2431 133.
672 2397 713 2429 In
737 2398 857 2430 sancti
880 2398 1076 2432 Ambrosii.

108 2473 142 2508 1.
184 2468 393 2507 miraculum
421 2456 598 2506 laudabile
855 2476 889 2510 2.
930 2472 1164 2520 Ambrosium,
1195 2476 1307 2507 vatem
1337 2483 1507 2517 magnum,

186 2523 308 2558 Canite
336 2532 452 2558 omnes
481 2525 613 2570 populi,
931 2525 1232 2560 Praedestinatum
1261 2535 1282 2559 a
1309 2525 1384 2559 Deo

185 2575 283 2618 Quod
315 2575 432 2609 datum
459 2579 511 2608 est
539 2576 705 2610 ecclesiae
929 2577 1112 2619 Tempore,
1142 2586 1209 2619 quo
1238 2575 1395 2610 diabolus

185 2626 386 2660 Fluctuanti
414 2627 449 2660 in
477 2628 625 2669 saeculo,
930 2627 1149 2662 Foedaverat
1177 2628 1308 2670 templa
1335 2628 1413 2664 Dei.
