1652 2872
407 131 585 171 Appendix.
607 144 647 150 -
670 130 705 159 B.
738 129 816 158 Tres
839 129 951 166 hymni
975 129 1136 166 Anonymi
1159 128 1342 167 Augiensis.
1516 127 1588 163 251

590 293 664 326 212.
699 293 883 334 „Hymnus
905 292 949 323 de
972 294 1103 326 sancta
1126 291 1280 326 Cruce.“

471 393 503 427 1.
548 391 639 425 Crux
668 394 738 434 tua,
769 388 921 432 Christe,
950 389 1043 422 salus
1072 390 1259 428 hominum,

548 440 704 476 Abstulit
731 449 832 474 omne
860 439 958 474 nefas
986 444 1154 486 veterum,

546 495 637 536 Quos
666 493 765 527 dolus
794 492 948 526 hosticus
976 492 1119 526 illicitos

548 545 727 588 Implicuit
756 543 890 580 violare
919 544 1027 580 cibos.

471 653 504 685 2.
548 647 710 683 Criminis
739 648 840 682 huius
868 648 912 682 ob
943 649 1085 682 exitium

549 702 601 735 Tu
629 700 707 744 pius
738 709 774 734 es
805 701 905 734 datus
935 701 969 734 in
998 701 1161 744 pretium,

549 753 714 787 Surculus
743 756 779 786 ut
809 762 938 786 nocuus
968 754 1089 787 veniae

548 806 697 841 cederet
724 804 860 839 arboris
890 805 1069 840 innocuae.

472 911 505 946 3.
548 909 623 943 Hoc
649 908 848 943 venerabile
877 908 983 943 robur
1009 909 1102 943 humi

553 961 635 995 Post
662 961 794 995 obitum
822 959 925 997 latuit
950 960 1089 995 Domini

550 1013 723 1056 Tempora
752 1013 842 1057 regis
865 1015 910 1048 ad
938 1022 1046 1056 usque
1075 1013 1123 1056 pii

550 1064 605 1098 Ex
632 1065 768 1099 Helena
795 1065 970 1109 genetrice
998 1066 1076 1102 sati.

474 1171 508 1205 4.
553 1170 627 1212 Quo
656 1169 748 1203 Latii
778 1174 883 1214 caput
910 1168 1047 1213 imperii

550 1222 692 1265 Absque
720 1226 812 1255 metu
840 1221 1044 1255 moderante
1072 1221 1125 1255 sui

551 1274 637 1308 Cum
665 1273 784 1307 valida
811 1272 909 1308 furor
937 1273 1027 1307 hunc
1055 1273 1129 1307 acie

553 1325 725 1368 Coeperat
752 1325 905 1360 hosticus
933 1325 1081 1371 irruere,

477 1432 511 1465 5.
555 1430 657 1465 Ilicet
684 1430 806 1464 anxius
834 1429 910 1472 ipse
935 1430 987 1462 sui

552 1481 725 1516 Redditus
753 1485 806 1515 est
833 1491 939 1526 super
966 1481 1032 1515 hoo
1059 1481 1176 1524 animi,

553 1534 606 1568 Ne
634 1534 701 1568 sibi
730 1534 832 1576 copia
859 1536 1072 1577 suppeteret,

552 1587 626 1628 Qua
654 1585 729 1620 fera
756 1590 900 1629 pectora
929 1586 1185 1629 comprimeret.

476 1692 510 1727 6.
554 1693 632 1735 Ast,
660 1690 720 1724 ubi
750 1689 843 1725 fessa
869 1690 986 1733 quiete
1014 1688 1135 1724 fovens

554 1742 709 1787 Corpora
736 1746 909 1777 straverat
935 1741 1060 1776 umbra
1085 1742 1204 1787 silens⁷

552 1794 641 1829 Tum
668 1804 773 1837 sopor
799 1794 972 1837 arripiens
1000 1794 1152 1829 animum

554 1846 728 1889 Principis
755 1846 905 1881 obtinuit
933 1846 1116 1882 tumidum.

480 1952 512 1988 7.
554 1951 659 1996 Ecce,
688 1950 799 1994 figura
827 1951 939 1984 crucis
968 1949 1083 1984 medio

553 2003 690 2037 Enituit
718 2003 882 2037 rutilante
910 2003 1002 2046 polo,

557 2055 729 2098 Claraque
756 2065 823 2090 vox
851 2064 957 2098 super
983 2054 1145 2097 intonuit,

558 2108 689 2154 „Vince
716 2117 780 2151 per
808 2107 885 2150 hoc,
913 2107 971 2150 pie
999 2103 1148 2141 Caesar“
1182 2106 1242 2142 ait.

479 2212 512 2246 8.
556 2212 713 2255 Denique
740 2222 802 2255 spe
830 2212 998 2246 redeunte
1025 2211 1092 2245 sibi

554 2264 638 2298 Mox
667 2273 733 2307 ope
760 2274 828 2298 non
858 2263 985 2298 dubiae
1012 2263 1094 2297 fidei

555 2316 663 2350 Edita
691 2317 791 2359 signa
819 2315 930 2349 crucis
958 2315 1088 2358 populo

556 2367 710 2412 Signifer
737 2368 862 2402 extulit
889 2368 965 2410 ipse
992 2377 1065 2402 suo.

479 2472 514 2509 9.
556 2471 707 2506 Cernere
734 2481 877 2514 prorsus
905 2474 982 2504 erat
1011 2470 1156 2504 miseros

556 2524 614 2559 Sic
643 2524 726 2558 dare
753 2528 852 2566 terga
879 2521 961 2566 fuga
986 2522 1156 2567 trepidos,

556 2576 712 2618 Qualiter
739 2575 865 2609 arbore
892 2574 1041 2609 decidua

556 2627 668 2662 Arida
696 2630 818 2662 ventus
846 2627 918 2670 agit
946 2625 1041 2664 folia.
