1652 2872
153 138 194 167 H.
230 139 278 167 De
301 138 438 167 Sanctis.
458 152 499 157 -
519 137 556 166 B.
589 135 710 173 Hymni
733 134 772 163 de
795 134 921 163 Sanctis
946 135 1083 173 Proprii.
1128 135 1176 164 De
1200 144 1224 164 s.
1249 134 1421 174 Stephano.
1465 135 1538 172 227
1574 130 1578 133 ’

111 244 252 278 martyre
274 241 310 276 A,
333 241 467 279 martyri
489 239 631 269 CDHIM
652 235 766 275 (gegen
787 237 840 266 die
862 236 1049 275 Assonanz).
1071 254 1111 259 —
1135 239 1197 268 Str.
1220 236 1239 267 2
1261 248 1292 267 u.
1317 236 1336 267 3
1358 239 1543 277 umgestellt

110 283 182 312 HK.
205 299 245 301 —
270 281 304 318 2,
336 280 355 312 3
379 282 505 312 Christo
528 283 564 309 ut
584 280 654 309 Deo
677 279 712 307 B.
736 294 777 298 ——
799 276 834 313 2,
865 276 885 306 4
906 281 942 307 ut
963 279 1042 308 fehlt
1065 280 1192 316 CDFG3
1216 281 1318 310 sancti
1341 281 1375 309 B.
1399 295 1439 300 —-
1462 277 1498 315 3,
1523 279 1538 309 1

109 326 236 363 genitur
259 324 295 352 A.
318 339 358 344 —
381 323 416 360 3,
447 321 466 352 2
489 323 544 361 qui
567 324 708 350 mortuus
733 320 766 349 C.
790 335 831 339 —
854 318 888 353 3,
919 318 937 348 3
959 321 1027 349 vita
1049 322 1111 350 BC.
1137 337 1177 341 —
1201 320 1237 356 3,
1267 320 1288 350 4
1311 323 1387 360 quia
1408 324 1541 351 mortem

109 367 145 395 B.
175 381 207 385 -α
231 364 259 401 4,
283 363 302 394 2
324 375 352 394 u.
376 363 395 394 3
419 366 495 403 quia
517 365 551 393 B.
575 377 614 382 ——
637 359 667 396 4,
690 359 710 390 3
733 364 849 390 terram
874 360 906 389 C.
930 377 970 380 —
994 360 1022 396 5,
1047 361 1062 390 1
1087 364 1129 391 sit
1151 363 1229 392 fehlt
1252 364 1287 392 B.
1303 380 1343 384 —
1367 362 1396 398 5,
1419 361 1437 391 2
1454 364 1541 392 Laus

111 408 237 437 Christo
260 408 296 442 B,
326 407 413 436 Laus
435 407 503 435 eius
524 404 563 439 E,
586 404 672 433 Laus
694 406 769 432 nato
793 402 919 437 HIKM,
942 403 1027 432 Laus
1052 405 1094 432 sit
1114 403 1209 440 (ohne
1233 404 1344 443 patris)
1367 405 1439 441 OD,
1470 406 1539 434 uni·

109 448 269 487 genitioss)
290 450 330 478 D.
354 464 393 469 --
417 446 452 482 5,
483 444 502 476 3
524 447 611 475 Laus
635 447 744 473 sancto
769 445 811 472 sit
832 444 867 473 F.
890 459 932 463 —-
954 442 982 479 5,
1006 443 1025 473 4
1047 445 1230 474 Praestanti
1253 448 1342 474 tanta
1365 447 1407 482 (ἔς
1437 447 1539 476 Tanto

109 491 243 526 ACGM;
268 492 406 526 martyre
427 489 464 517 A.

192 532 258 560 Der
286 533 385 560 vierte
414 530 494 559 Vers
519 528 609 567 jeder
641 526 777 565 Strophe
805 526 1065 564 (ausgenommen
1094 527 1145 557 die
1167 528 1359 567 Doxologie)
1386 529 1442 558 hat
1470 530 1540 558 eine

113 573 201 602 Silbe
224 567 437 607 Uberschus53
468 570 535 600 also
566 571 609 599 ist
638 578 677 597 zu
706 569 795 597 lesen
820 566 1018 606 ,‚Stephan6‚
1049 569 1198 599 wahrend
1229 571 1261 598 in
1279 569 1385 607 jedem
1407 572 1541 600 zweiten

110 616 205 644 Verse
235 614 285 643 die
308 614 475 650 Betonung
500 608 700 649 „Stephan0“
733 611 802 640 sein
833 610 931 648 muss⁷
962 612 996 639 in
1022 609 1055 645 1,
1087 609 1106 640 2
1123 611 1238 648 jedoch
1264 610 1476 650 ‚‚Stephan‹3‘⁴.
1500 629 1539 632 —

109 656 203 685 Allen
221 655 402 684 Anzeichen
424 653 505 683 nach
528 653 585 681 hat
607 653 661 681 der
684 652 846 689 Hymnus,
872 651 1070 690 wenngleich
1094 653 1192 681 sehon
1216 653 1287 682 friih
1311 654 1539 683 international

106 697 284 735 geworden‚
300 696 393 725 keine
409 697 501 724 weite
514 694 730 731 Verbreitung
745 693 903 731 gefunden
923 694 988 722 und
1002 703 1062 722 nur
1075 695 1107 722 in
1121 694 1357 723 schwedischen
1370 696 1539 724 Brevieren

107 739 175 768 sich
197 739 246 768 bis
270 739 319 766 ins
344 736 389 767 16.
414 736 528 766 Jahrh.
551 735 705 771 erhalten,
729 735 801 765 dort,
823 736 881 764 mit.
902 735 976 764 dem
991 735 1136 774 Anfange
1153 737 1339 772 „Hymnum
1356 738 1536 766 canattms“

105 781 169 815 (cfr.
189 780 371 818 Klemming
386 779 445 814 ΠΙ,
466 776 543 814 153).

569 910 644 944 196.
679 911 722 943 In
744 910 864 944 sancti
887 910 1079 952 Stephani.

109 1031 142 1066 1.
187 1030 327 1065 Caelum
356 1038 455 1063 nune
475 1038 574 1063 omne
603 1028 764 1073 gaudeat,
854 1031 888 1064 4.
930 1028 1079 1064 Iudaeos
1108 1028 1200 1062 inter
1229 1028 1382 1071 perfidos

183 1082 350 1115 Laetetur
378 1084 413 1114 et
440 1081 549 1115 omnis
576 1084 682 1123 terra,
933 1079 1067 1117 Divina
1094 1081 1218 1124 plenus
1247 1080 1360 1124 gratia

186 1134 237 1167 De
267 1133 408 1167 caelesti
437 1143 515 1167 nam
544 1132 713 1167 Dominus
929 1132 1099 1175 Angelica
1128 1132 1191 1167 sub
1221 1132 1311 1167 facie

184 1186 303 1229 Regno
331 1186 425 1219 venit
454 1186 499 1219 ad
527 1184 696 1220 homines.
930 1185 1059 1227 Magna
1087 1184 1169 1218 feeit
1196 1185 1369 1228 prodigia.

108 1311 141 1344 2.
186 1310 360 1343 Hesterna
389 1309 444 1342 die
473 1310 608 1352 genitus
852 1312 886 1346 5.
930 1310 1032 1343 Hunc
1060 1320 1122 1343 nos
1153 1320 1313 1353 rogamus
1348 1310 1537 1355 supplices,

184 1361 303 1395 llluxit
331 1361 495 1395 mundum
524 1361 706 1407 Dominus,
931 1363 990 1403 Ut,
1021 1362 1079 1405 qui
1107 1372 1171 1404 pro
1200 1362 1270 1396 suis
1300 1362 1458 1396 hostibus

184 1414 248 1456 Qui
277 1413 446 1448 hodierna
474 1413 618 1447 militem
931 1414 1066 1459 Oravit,
1096 1414 1196 1448 nobis
1225 1414 1357 1448 venian]

184 1467 289 1501 Suum
317 1465 469 1508 suscepit
498 1465 722 1510 Stephanum.
932 1466 1101 1509 Imploret
1128 1470 1210 1500 ante
1237 1466 1434 1510 Dominum,

108 1590 143 1624 3.
185 1589 287 1624 Hunc
315 1590 491 1633 elegerunt
520 1591 670 1624 omnium
855 1594 888 1628 6.
936 1592 984 1627 Ut
1011 1591 1046 1624 in
1074 1591 1250 1635 praesenti
1279 1591 1418 1625 saeculo

185 1641 304 1675 Sancti
333 1643 490 1676 doctores
518 1643 681 1687 gentium,
930 1644 1016 1678 Eius
1045 1652 1184 1686 semper
1212 1643 1384 1677 iuvamine

188 1694 235 1728 Ut
264 1698 355 1728 esset
382 1695 417 1728 in
446 1693 632 1728 virtutibus
933 1695 1136 1730 Liberemur
1163 1695 1206 1730 ab
1236 1695 1393 1730 omnibus

187 1745 267 1780 Dux
297 1750 331 1780 et
358 1746 515 1780 minister
543 1747 708 1783 coetibus
932 1747 1156 1783 Inimicorum
1187 1746 1380 1783 fraudibus.

191 1869 322 1899 Collect.
352 1880 407 1899 ms.
434 1870 488 1900 SS.
513 1871 600 1900 Petri
631 1874 662 1900 et
684 1871 777 1900 Pauli
804 1872 1065 1910 wissenburgen.
1096 1880 1178 1900 saec,
1209 1870 1236 1901 9.
1289 1871 1363 1900 Cod.
1388 1872 1536 1901 Guelfen-

107 1911 251 1947 byteran.
275 1909 357 1940 4150
377 1911 569 1947 (Weissenb.
593 1910 651 1950 66).
676 1929 715 1933 —
737 1913 808 1951 Vgl.
832 1913 1012 1942 Milehsaek
1034 1914 1059 1949 Ι,
1083 1911 1111 1942 8.

572 2077 646 2110 197.
680 2078 722 2110 In
745 2077 866 2110 sancti
890 2077 1084 2118 Stephani.

110 2193 143 2228 1.
188 2194 277 2235 Iesu,
310 2194 404 2229 salus
433 2194 651 2239 certantium,
856 2198 890 2232 3.
934 2196 1002 2230 Hic
1029 2197 1139 2230 iustus
1169 2199 1202 2229 et
1229 2194 1430 2239 laudabilis,

185 2246 439 2280 Remunerator
466 2250 669 2291 martyrum,
931 2249 1059 2283 Sancto
1085 2248 1239 2290 repletus
1267 2247 1417 2291 flamine,

181 2297 334 2340 Dignare
363 2308 481 2332 servos
509 2298 634 2342 visere,
930 2300 997 2334 Tot
1025 2300 1203 2343 splenduit
1229 2300 1417 2345 miraculis,

184 2349 249 2391 Qui
276 2353 357 2384 vota
384 2350 523 2384 solvunt
552 2349 680 2388 debita.
930 2352 1058 2386 Iudaea
1087 2362 1154 2395 quo
1181 2356 1408 2396 stupesceret.

111 2475 144 2507 2.
185 2474 284 2508 Omni
312 2474 451 2517 quidem
480 2484 541 2508 nos
570 2479 728 2518 tempore
853 2478 886 2511 4.
930 2477 1089 2510 Humana
1117 2476 1235 2520 lingua
1262 2486 1330 2510 non
1359 2476 1451 2510 valet

185 2526 348 2560 Laudare
377 2527 552 2561 Christum
583 2528 761 2571 condecet,
932 2528 1086 2562 Narrare
1114 2531 1211 2563 tanta
1238 2538 1391 2570 munera,

187 2577 257 2611 Sed
285 2587 388 2621 nunc,
416 2588 506 2624 reor,
536 2579 753 2621 potissimum
933 2582 1028 2623 Quae
1056 2581 1152 2614 Iesus
1180 2580 1239 2614 isti
1267 2580 1367 2613 militi

188 2629 230 2663 In
258 2629 362 2663 laude
387 2630 500 2674 magni
529 2630 708 2673 Stephani.
931 2633 1061 2670 Amore
1088 2633 1186 2676 largo
1215 2632 1370 2666 contuiit.

1284 2690 1348 2723 15*
