1652 2872
149 146 224 182 296
518 145 596 174 Pars
620 145 662 174 Π.
706 145 889 183 Hymnodia
912 143 1203 174 Hiberno-Celtiea.

525 249 559 283 7.
601 248 655 283 Ne
683 249 857 292 relinquas
885 249 920 283 in
948 246 1085 283 inferno

598 301 759 335 Animam
790 311 900 336 meam
929 301 1090 345 pessimO,

599 352 668 386 Sed
697 362 773 387 esse
800 357 912 387 tecum
937 354 972 386 in
1001 352 1098 386 caelo

599 405 639 438 In
668 406 879 448 sempiterno
906 405 1045 448 gaudio.

229 486 373 514 Oration.
398 495 455 514 ms,
479 485 689 515 Hibernicum
711 486 925 522 (Monialiumj
948 495 1029 515 saec.
1053 483 1082 514 9.
1106 486 1148 513 in.
1189 483 1266 513 Cod.
1289 483 1467 512 Londinen.
1484 485 1575 515 Harl.

147 524 236 555 7653.
261 527 297 555 A.
321 542 360 547 —
388 527 516 555 Collect.
548 537 604 556 ms.
628 528 839 556 Hibernicum
861 527 1022 559 (Leabhar
1043 525 1156 561 Breac)
1177 535 1259 555 saec.
1285 523 1332 554 14.
1378 525 1454 555 Cod.
1477 526 1575 557 Acad.

146 569 223 606 Reg.
246 568 418 597 Dublinen.
449 578 473 597 s.
498 578 528 597 n.
550 570 586 597 B.
611 585 646 589 —
676 568 708 604 1,
742 567 830 603 1-2,
854 568 873 597 2
894 569 1000 597 fehlen
1024 569 1059 597 Β.
1083 583 1121 587 --
1144 565 1180 602 2,
1211 565 1230 595 3
1252 570 1374 605 patrem
1397 577 1452 605 per
1473 567 1574 597 filium

146 610 183 638 B.
206 626 245 629 —
270 607 297 643 2,
321 608 341 638 4
362 608 409 638 Ist
424 610 587 639 vielleieht
602 620 640 638 zu
656 611 744 639 lesen
761 607 948 648 sspiritum?
971 625 1010 630 —
1026 605 1235 646 Reihent'olge
1259 609 1292 637 in
1307 609 1350 637 B:
1377 606 1406 645 3,
1429 606 1464 644 ὃς
1486 607 1515 645 4,
1538 608 1574 645 2,

145 649 178 686 4,
210 649 243 687 13
273 649 302 687 3,
325 650 362 686 43
392 650 427 687 3,
460 650 489 689 13
523 650 556 687 3,
589 650 624 687 23
655 651 683 687 4,
715 650 734 680 3
757 655 816 681 ete.
841 653 898 681 wie
929 652 1020 680 oben.
1044 668 1083 671 ——
1113 649 1144 687 3,
1166 648 1186 678 3
1209 653 1329 688 septem
1353 650 1432 679 fehlt
1456 651 1499 684 A;
1523 651 1576 680 die

148 692 334 722 Silbenzahl
358 695 401 722 ist
422 694 575 731 iibrigens
599 693 821 731 merkwiirdig.
845 709 884 712 —
908 691 935 729 3,
959 692 977 722 4
994 692 1168 721 Iohannem
1191 692 1363 730 baptistam
1382 693 1418 721 B.
1443 708 1482 712 —-
1503 690 1532 729 4,
1558 691 1572 721 1

148 735 236 772 Rogo
260 738 291 762 et
314 735 333 763 b
361 757 367 763 .
392 757 397 763 .
424 757 429 762 .
455 756 461 762 .
483 735 618 771 (Liicke)
639 735 675 768 A,
700 735 788 772 Rogo
813 737 939 763 sanctos
964 735 997 762 Β.
1021 750 1061 753 --
1083 732 1113 768 4,
1137 731 1156 761 2
1178 734 1266 770 Rogo
1290 736 1322 762 et
1344 743 1453 762 omnes
1476 733 1513 762 A.
1537 750 1574 754 —

145 774 174 810 5,
206 774 219 804 1
245 777 362 805 iustum
387 776 465 805 fehlt
486 776 523 804 A.
547 793 585 797 ——
621 774 649 810 5,
672 774 691 804 2
715 773 894 813 [Cirici]um
917 777 954 804 A.
977 792 1017 795 —
1040 773 1067 810 6,
1092 773 1111 803 2
1134 775 1285 813 Digueris
1308 776 1343 803 B.
1367 791 1407 794 ——
1429 773 1458 811 6,
1482 772 1501 803 3
1523 776 1575 805 de-

146 827 257 854 precor
279 820 315 845 ut
337 818 415 847 fehlt
437 818 477 854 133
508 817 608 846 debea
631 818 667 845 A.
692 833 729 836 —
754 815 788 852 6,
812 815 831 845 4
855 817 906 845 Ex
928 818 1041 846 intimo
1064 816 1169 845 cordis
1195 817 1256 844 mei
1279 816 1316 845 A.
1340 832 1372 837 —-
1403 815 1438 853 7,
1465 815 1479 845 1
1504 818 1576 847 Non

148 861 186 894 ss;
210 859 414 896 derelinquas
431 859 467 887 A.
492 874 530 878 —-
555 857 584 893 7,
606 856 625 887 2
648 859 818 895 pessimam
838 860 872 893 B,
896 859 974 887 fehlt
996 859 1032 887 A.
1049 874 1087 878 —
1111 855 1139 892 7,
1164 855 1183 885 3
1206 857 1269 886 Sed
1291 860 1325 886 ut
1349 860 1391 886 sit
1413 867 1519 888 secum
1542 859 1576 888 in

146 900 250 929 saeclo
275 902 310 930 B.
333 917 372 920 —
397 899 430 932 7.
461 898 481 928 4
504 900 704 938 Sempiterno
730 901 763 928 in
786 900 905 937 gaudia
928 901 963 929 B.
987 916 1027 920 ——
1050 899 1075 928 B
1098 900 1167 936 ffigt
1189 899 1271 927 noch
1295 900 1357 929 bei:
1384 901 1425 930 Ut
1447 900 1576 930 audiam

146 942 331 980 angelorum
351 940 354 980 Ι
376 943 493 970 Vocem
510 942 613 970 Deum
630 941 840 976 laudantium,
865 943 915 970 ein
931 942 1056 975 Zusatz,
1073 941 1143 969 dem
1159 941 1218 968 wir
1234 941 1333 969 sehon
1350 942 1433 971 beim
1447 942 1576 971 vorher-

145 983 308 1021 gehenden
327 983 480 1012 Gedichte
496 984 694 1021 begegneten
711 983 773 1012 und
792 983 847 1012 der
859 985 955 1012 somit
966 983 1018 1012 die
1031 983 1230 1019 Vermutung
1242 983 1395 1019 bestfflzt,
1412 983 1482 1012 dass
1496 984 1576 1013 auch

139 1024 230 1061 jenes
245 1035 301 1054 aus
316 1025 425 1054 Irland
439 1028 581 1054 stamme.
595 1041 635 1044 —
651 1026 713 1055 Cfr.
731 1026 876 1059 VVarren,
892 1025 959 1054 The
976 1024 1198 1062 Antiphonary
1215 1024 1250 1052 of
1263 1025 1400 1062 Bangor,
1415 1026 1458 1059 ΙΙ,
1473 1034 1503 1062 p.
1519 1024 1576 1062 953

145 1067 200 1094 der
224 1067 325 1095 Autor
354 1068 446 1095 weist
469 1066 622 1095 ebendort
643 1067 687 1102 (ὅ.
712 1065 763 1102 92)
788 1067 846 1095 auf
865 1067 916 1095 die
940 1064 1183 1095 rev-,thiedeweoe
1209 1065 1259 1093 bei
1283 1065 1343 1094 deu
1367 1067 1484 1096 Kelten
1509 1067 1576 1096 sich

145 1108 191 1136 oft
212 1108 381 1137 findenden
404 1109 527 1148 Namen
550 1108 604 1137 des
629 1107 670 1137 hl.
695 1106 854 1147 Cyriacus
878 1108 950 1137 hin:
975 1109 1111 1138 Ciricius
1132 1105 1174 1142 (5,
1197 1104 1237 1142 2),
1261 1107 1434 1143 Quirinius,
1458 1109 1576 1147 Kirrig,

145 1150 243 1184 Giric,
268 1150 331 1188 Cyr
361 1153 418 1178 etc.
444 1165 479 1169 —u
504 1149 705 1179 Uberschrift
735 1151 768 1178 in
791 1150 819 1178 A
841 1151 900 1178 ist:
933 1148 1102 1187 „Oratio“3
1134 1148 1203 1177 dass
1226 1158 1258 1177 es
1289 1149 1341 1177 ein
1370 1150 1578 1190 Abendgebet

147 1192 203 1225 sei,
228 1191 362 1230 bezeugt
384 1191 435 1220 die
457 1194 540 1220 erste
564 1192 710 1229 Strophe.

437 1356 512 1388 ⁸226.
547 1356 717 1396 Hymnus,
741 1355 884 1395 quando
911 1364 1020 1387 cerea
1042 1355 1287 1389 benedicitur.

647 1420 703 1449 Ad
734 1420 1087 1457 Lueernariumffj.

148 1496 181 1531 1.
225 1495 320 1538 Ignis
349 1498 486 1529 creator
514 1495 646 1538 igneus,
899 1496 932 1529 5.
975 1495 1006 1528 E
1034 1492 1171 1528 flamma
1200 1493 1365 1529 famulum
1394 1505 1576 1538 provocaS,

227 1547 370 1593 Lumen,
402 1547 549 1581 donator
576 1546 726 1589 luminis,
975 1546 1110 1580 Rubum
1139 1556 1207 1580 non
1235 1547 1370 1590 spernis
1398 1547 1553 1590 spineam

225 1599 372 1642 Vitaqne
400 1599 492 1633 vitae
520 1599 691 1643 conditor,
973 1598 1031 1643 Et,
1061 1608 1137 1632 cum
1166 1599 1213 1632 sis
1232 1599 1322 1642 ignis
1341 1608 1574 1644 concremans,

225 1650 336 1685 Dator
363 1651 485 1684 salutis
514 1654 548 1684 et
576 1650 681 1694 salus,
973 1650 1051 1684 Non
1079 1651 1163 1696 uris,
1193 1652 1284 1693 quod
1312 1651 1498 1686 illuminas.

147 1736 181 1769 2.
226 1734 279 1768 Ne
306 1734 418 1768 noctis
446 1734 546 1768 huius
575 1733 702 1777 gaudia
896 1736 930 1769 6.
976 1733 1070 1767 Fuco
1100 1734 1245 1777 depasto
1273 1733 1392 1768 nubilo

224 1786 316 1829 Vigil
344 1787 486 1820 lucerna
514 1786 662 1828 deserat,
974 1785 1151 1832 Temptas‚
1183 1787 1336 1821 decoctis
1363 1786 1524 1820 sordibus

222 1838 287 1881 Qui
315 1837 486 1872 hominem
514 1848 582 1873 non
609 1838 660 1872 vis
688 1838 789 1883 mori,
972 1837 1146 1871 Fervente
1175 1841 1293 1872 sancto
1321 1839 1448 1882 spiritu

225 1889 279 1924 Da
307 1894 426 1924 nostro
453 1891 565 1924 lumen
595 1890 740 1933 pectori.
973 1891 1120 1925 Carnem
1149 1890 1266 1924 lucere
1293 1900 1440 1926 ceream.

149 1986 182 2019 3.
225 1984 279 2017 Ex
307 1985 468 2027 Aegypto
497 1982 725 2027 migrantibus
897 1985 930 2019 7.
973 1984 1123 2018 Secretis
1152 1984 1219 2018 iam
1247 1984 1368 2019 condis
1397 1984 1486 2019 favis

224 2035 387 2078 Indulges
415 2036 584 2078 geminam
613 2037 780 2078 gratiam:
973 2035 1091 2070 Divini
1119 2036 1231 2070 mellis
1259 2036 1373 2080 alitus,

224 2087 337 2121 Nubis
366 2088 521 2121 velamen
551 2087 706 2132 exhibes,
977 2088 1100 2122 Cordis
1129 2097 1320 2132 repurgans
1349 2088 1487 2122 intimas

227 2138 441 2173 Nocturnum
469 2140 583 2172 lumen
612 2139 789 2182 porrigis3
978 2139 1091 2174 Verbo
1120 2140 1262 2184 replesti
1292 2140 1446 2183 cellulas,

151 2233 183 2265 4.
226 2230 337 2264 Nubis
366 2232 523 2264 columna
552 2241 615 2274 per
644 2232 733 2265 diem
894 2234 928 2269 8.
970 2233 1126 2266 Examen
1157 2236 1194 2266 ut
1223 2231 1335 2266 foetus
1364 2233 1442 2267 novi

226 2282 428 2316 Venientem
457 2283 593 2325 plebem
624 2283 790 2329 protegis,
971 2285 1040 2318 Ore
1067 2284 1281 2326 praelectum
1308 2284 1434 2326 spiritu

226 2334 318 2376 Ignis
347 2335 506 2367 columna
532 2335 576 2368 ad
605 2345 787 2379 vesperum
971 2336 1115 2370 Relictis
1145 2337 1277 2370 caelum
1306 2336 1452 2370 sarcinis

226 2385 370 2419 Noctem
400 2386 547 2429 depellis
575 2387 716 2424 lumine.
969 2388 1119 2429 Quaerat
1147 2388 1280 2421 securis
1308 2388 1475 2430 pinnulis.

521 2481 554 2514 9.
598 2479 718 2514 Gloria
746 2481 839 2524 patri
866 2480 1030 2525 ingenito,

600 2531 720 2566 Gloria
746 2533 933 2578 unigenito,

600 2584 708 2618 Simul
737 2594 811 2618 cum
839 2587 959 2618 sancto
987 2582 1112 2624 spiritu

598 2635 637 2668 In
666 2637 877 2678 sempiterna
904 2634 1054 2669 saecula.
