1652 2872
163 157 203 184 ΙΙ.
238 157 286 185 De
309 157 444 186 Sanctis.
471 173 508 175 —
541 157 576 186 B.
599 156 718 194 Hymni
745 155 783 184 de
806 156 932 186 Sanctis
956 158 1091 195 Proprii.
1137 159 1184 187 De
1207 169 1231 188 s.
1256 160 1420 197 Gregorio.
1466 159 1533 196 18]

484 263 519 296 5.
563 260 616 294 Sit
644 261 719 294 laus
749 259 911 302 perennis
940 261 1070 303 gloriae

560 310 656 347 Patri
687 312 762 345 Deo
791 322 868 345 eum
896 311 984 353 tilio,

562 363 690 397 Sancto
717 363 821 396 simul
849 363 1021 405 paraclito

561 415 708 449 Manens
737 415 848 448 honor
876 424 939 457 per
966 416 1116 453 saecula,

195 517 369 547 Collectan.
404 526 460 546 ms.
494 526 576 546 saec.
608 514 656 546 10.
710 516 786 546 Cod.
815 518 910 547 Univ.
941 517 1119 547 Bononien.
1154 517 1242 548 1702.
1271 535 1309 538 ψ-
1342 519 1406 549 Aus
1440 520 1543 550 dieser

112 560 224 597 Quelle
255 559 356 588 ediert
384 568 447 587 von
478 558 558 596 Aug.
589 555 773 588 Gaudemi.
823 559 872 587 La
899 560 967 587 vita
996 569 1012 587 e
1045 560 1054 587 i
1086 560 1229 589 miracoli
1259 560 1289 588 di
1321 571 1344 589 s.
1373 562 1542 596 Germano,

111 611 247 631 vescovo
280 601 312 629 di
336 601 444 639 Parigi
467 603 525 629 etc.
570 599 716 638 Bologna
741 598 829 629 1886.
855 616 895 619 —-
920 600 1122 630 VViederholt
1144 611 1206 629 von
1232 601 1264 629 P.
1289 611 1317 628 v.
1350 599 1542 640 H'interfeld

110 643 209 677 (Poet.
236 643 291 672 lat.
314 642 410 670 medii
434 643 515 679 aevi,
538 642 593 671 IV.
613 642 648 675 1.‚
674 639 744 675 136)
766 650 822 670 aus
848 641 904 670 der
926 641 1075 680 Ausgabe
1094 642 1286 677 Gaudenzis,
1310 643 1364 671 der
1388 644 1467 672 auch
1492 645 1542 673 ieh

111 684 180 714 hier
209 684 303 722 folge.
334 699 371 703 -
405 682 437 719 l,
468 681 487 712 3
518 693 606 712 sacer
634 683 777 712 laetitiae
807 682 995 717 (Gaudenzi)
1017 684 1191 722 korrigiert
1212 693 1275 712 von
1299 684 1485 714 Winterfeld
1509 688 1541 714 in

113 735 201 755 sacer
224 727 380 755 Lutetiae.
404 741 443 744 -
467 726 532 754 Der
554 724 686 754 Dichter
715 724 770 754 des
795 725 960 761 Hymnus,
990 727 1048 753 wie
1078 726 1160 754 auch
1188 725 1243 754 der
1267 725 1463 762 rhythmisch
1488 728 1540 756 ab·

112 767 269 805 gefassten
291 766 473 796 Translatio
505 777 528 795 s.
551 766 717 800 Germani,
748 766 867 795 welche
896 766 987 796 beide
1018 766 1099 795 wohl
1123 767 1182 796 den
1209 767 1353 804 gleichen
1377 768 1542 798 Verfasser

112 809 232 843 haben,
263 809 305 837 ist
338 808 466 846 bislang
495 808 701 837 unermittelt.
746 807 812 836 Auf
837 808 898 837 den
921 808 1037 837 Moneh
1060 806 1192 846 Aymon
1222 818 1283 837 von
1308 808 1352 837 St.
1378 809 1540 838 Germain-

112 849 259 880 des-Pres
280 848 312 886 (†
321 847 393 887 889)
414 849 501 878 kann
523 859 597 879 man
620 849 702 879 wohl
727 852 827 885 raten,
852 850 929 879 aber
952 850 1065 879 festere
1090 850 1350 888 Anhaltspunkte
1374 850 1488 879 fehlen.

499 1035 572 1067 157.
607 1035 649 1066 In
672 1035 792 1067 saneti
817 1034 990 1074 Gregorii
1013 1034 1151 1074 Magni.

416 1142 448 1176 1.
494 1141 668 1175 Praesulis
696 1141 826 1184 egregii
854 1141 978 1174 merita

492 1192 652 1236 Gregorii
681 1193 825 1226 rutilant
852 1193 974 1237 titulis,

494 1244 687 1279 Caelicolas
716 1244 839 1286 quibus
868 1245 1016 1279 irradiat

491 1296 699 1339 Terrigenas
728 1300 762 1329 et
790 1297 835 1330 ad
864 1299 960 1330 astra
987 1297 1093 1331 levat.

413 1413 447 1446 2.
491 1410 653 1445 Gerniine
681 1409 854 1452 praecluis
883 1413 916 1443 et
945 1410 1069 1452 sophia

493 1462 652 1497 Nobilior
680 1461 785 1495 nituit
814 1461 951 1505 studiis,

491 1514 592 1548 Sedis
621 1513 835 1556 apostolicae
863 1513 1015 1555 regimen

491 1565 660 1608 Dogmate
689 1564 852 1599 mellifluo
881 1564 1078 1599 moderans.

412 1682 445 1715 3.
489 1680 608 1714 Mente
635 1689 784 1722 superna
811 1682 931 1722 petens
960 1678 1113 1714 crucifer

490 1731 707 1774 Pauperibus
735 1741 796 1765 sua
825 1734 949 1765 cuncta
977 1731 1086 1776 dedit,

490 1783 640 1818 Vocibus
668 1783 834 1826 angelicis
862 1783 989 1817 meruit

490 1836 594 1871 Unde
622 1835 729 1869 cliens
757 1835 897 1869 Domini
927 1835 1058 1870 bravia.

413 1952 447 1987 4.
489 1950 572 1993 Quis
602 1947 708 1984 fuerit
732 1952 833 1992 pater
858 1950 1015 1991 eximius,

490 2002 640 2046 Spiritus
668 2002 727 2036 ille
757 2002 858 2036 docet
885 2001 1037 2045 Domini,

491 2054 607 2089 Corda
634 2058 772 2097 patrum
800 2054 888 2088 bene
915 2053 973 2096 qui
1002 2053 1130 2096 docuit,

474 2102 636 2141 'Munera
664 2106 760 2140 cuius
789 2109 821 2139 et
850 2105 941 2140 hunc
970 2106 1148 2142 decorant.

414 2224 448 2256 5.
492 2221 630 2256 Semina
659 2220 775 2255 dulcia
803 2230 930 2263 praeco
959 2220 1025 2255 Dei

490 2272 669 2318 Spargitat
696 2272 729 2306 in
760 2272 900 2316 populis
930 2272 1092 2317 monitis3

489 2325 542 2358 De
569 2334 672 2368 grege
700 2335 744 2359 ne
771 2327 892 2367 pereat
919 2324 1056 2366 aliquis,

489 2376 679 2419 Multiplici
706 2376 838 2418 pietate
865 2375 996 2410 studet.

413 2491 448 2525 6.
490 2490 639 2533 Agmina
668 2490 748 2523 dum
776 2489 960 2532 peregrina
989 2488 1095 2532 fovet,

491 2542 531 2575 In
560 2541 673 2575 medio
701 2551 790 2584 pone
819 2540 949 2575 Christi
977 2540 1077 2574 sedes

492 2592 639 2636 Inspicit
667 2596 701 2626 et
729 2592 826 2627 varia
853 2591 970 2634 specie

493 2644 646 2678 Horama
673 2644 776 2678 valde
804 2643 856 2677 sui
884 2643 1017 2687 simile3
