1652 2872
101 160 173 196 166
414 160 493 188 Pars
516 160 540 188 Ι.
585 160 703 197 Hymni
726 161 939 200 antiquissimi
964 169 1045 188 saec.
1068 159 1204 186 V.-XI.

345 264 381 297 2.
423 262 532 296 Nobis
560 263 628 298 ista
657 264 729 298 dies
757 264 951 307 sumptibus
977 263 1099 305 innuit,

424 314 511 356 Quid
540 318 588 357 tu,
617 317 693 358 quis
721 316 844 359 opibus
871 315 1028 350 florueris
1056 314 1153 354 situs,

424 366 507 400 Cum
538 368 641 401 terris
670 367 830 402 redolens
858 367 975 401 infima
1002 365 1183 409 presseris.

591 419 784 462 Augustine
812 418 1004 462 placabilis.

347 522 382 556 3.
424 521 477 555 Tu
505 520 606 556 factis
635 522 787 556 renitens
816 531 966 564 voceque
994 520 1224 564 praeminens,

423 573 475 606 Tu
503 573 600 607 donis
630 574 774 608 rutilans
804 577 907 616 atque
934 573 1008 606 Deo
1036 573 1187 616 placens,

423 625 475 658 Tu
503 625 664 660 mundum
696 625 848 659 retinens
876 628 1013 658 astrave
1041 623 1233 667 possidens,

591 677 784 719 Augustine
812 675 1008 718 placabilis.

346 781 380 814 4.
424 779 501 813 Non
530 779 654 812 horror
681 778 773 812 nivei
801 777 951 811 tramitis
980 776 1126 818 obstitit,

425 831 501 864 Non
530 840 649 873 gressu
678 829 789 872 tepuit
816 838 1022 871 aequoreum
1050 828 1146 862 iecur

421 882 483 926 Te,
512 891 611 924 quem
641 879 752 914 forma
782 880 862 914 boni
890 879 1049 914 ediderat
1077 879 1155 923 sibi,

591 932 785 976 Augustine
812 931 1007 974 placabilis.

348 1039 381 1072 5.
424 1037 497 1069 Iam
527 1039 648 1078 pastor
675 1035 811 1080 superis
835 1033 947 1068 indite
975 1034 1117 1078 gazulis,

422 1087 540 1121 Flexis
568 1086 759 1130 poplitibus
788 1096 865 1120 cum
893 1095 998 1129 prece
1025 1086 1209 1131 poscimus,

419 1139 518 1173 Assis
547 1148 614 1182 quo
641 1139 773 1181 clipeus
801 1141 920 1172 noster
946 1138 982 1172 in
1011 1137 1181 1183 omnibus,

590 1190 786 1234 Augustino
814 1189 1010 1233 placabilis,
1186 1191 1188 1193 ’

345 1297 380 1331 6.
424 1294 563 1329 Exhinc
590 1293 773 1328 subveniat
802 1293 906 1338 digna
934 1293 1088 1336 precatio

422 1347 463 1380 In
493 1346 640 1380 sublime
668 1345 737 1379 tuis
767 1352 913 1389 perpete
940 1345 1099 1389 servulis,

422 1399 513 1441 Quos
542 1398 676 1432 nutrire
705 1398 824 1432 studes
854 1397 1000 1432 fastibus
1029 1397 1193 1443 aetheris,

592 1450 788 1494 Augustine
815 1449 1012 1493 placabilis.

350 1555 384 1589 7.
426 1554 524 1588 Assit
552 1554 604 1588 his
633 1554 768 1597 genitor
796 1557 898 1598 atque
927 1557 1049 1596 potens
1078 1553 1184 1597 Deus,

425 1607 534 1648 Aptet
562 1606 721 1641 Christus
751 1609 785 1640 et
812 1606 897 1640 haec
926 1609 1026 1650 patre
1054 1605 1128 1640 Deo
1155 1605 1261 1648 Deus,

427 1658 510 1692 Cum
538 1657 622 1692 flatu
652 1659 781 1701 patrm,
811 1668 877 1700 quo
907 1658 1058 1700 regimur
1086 1657 1172 1698 Deo,

593 1710 786 1753 Augustine
814 1709 1008 1752 placabilis

183 1813 301 1850 Hymn.
327 1803 383 1841 ins.
407 1814 630 1842 Wintoniense
654 1823 736 1842 saec*
763 1811 808 1842 11.
854 1813 930 1842 Cod.
953 1813 1056 1851 Capit.
1080 1813 1268 1842 Dunelmen.
1292 1814 1317 1842 B
1341 1813 1390 1842 III
1412 1810 1462 1842 32.
1488 1828 1527 1832 ——

99 1853 129 1889 7,
155 1853 169 1883 1
194 1855 294 1883 Assis.
317 1870 357 1874 —
380 1852 552 1884 Steveuson
573 1854 615 1892 (p.
634 1853 704 1891 101)
721 1854 777 1884 hat
792 1855 848 1884 das
864 1854 1025 1883 Versmass
1041 1854 1208 1883 verkannt.
1225 1869 1264 1874 —
1280 1853 1352 1892 Vgl.
1376 1854 1428 1883 die
1443 1855 1524 1883 Note

100 1906 171 1925 zum
196 1897 341 1932 Hymnus
366 1897 418 1925 Nr.
446 1894 513 1925 141.

531 2039 605 2071 144.
640 2040 682 2071 In
705 2040 857 2072 sanctae
880 2039 1086 2072 Barbarae.

480 2104 660 2141 Hymnus
684 2103 795 2132 Petri
825 2100 1162 2141 [Suli]diaeoni(‘?).

107 2219 142 2252 1.
184 2217 345 2251 Exsultet
372 2217 466 2251 orbis
495 2217 664 2258 machina,
847 2221 879 2256 3,
919 2219 985 2252 Est
1012 2221 1090 2252 orta
1117 2217 1210 2252 claro
1237 2217 1402 2260 sanguine

181 2268 328 2311 Surgant
358 2269 483 2311 ubique
511 2270 659 2314 gaudia3
922 2270 975 2304 De
1003 2269 1156 2303 barbara
1183 2268 1385 2312 propagine,

183 2320 251 2362 En,
280 2320 377 2363 virgo
406 2321 489 2354 vicit
516 2321 685 2364 proelium
922 2322 980 2356 Ad
1008 2321 1074 2355 hoc
1101 2324 1222 2355 vocata
1254 2318 1482 2365 „Barbara“,

181 2372 349 2414 Cepitque
377 2372 474 2415 regni
502 2373 703 2415 praemium.
923 2373 992 2408 Sed
1019 2373 1124 2416 plena
1152 2371 1282 2406 Christi
1309 2371 1433 2414 gratia.

106 2488 140 2521 2.
182 2485 248 2520 Dei
276 2484 398 2519 sortita
427 2484 533 2519 filium
845 2489 879 2522 4.
923 2487 999 2521 Hoc
1026 2494 1172 2527 namque
1199 2493 1334 2518 sursum
1362 2482 1496 2526 proflua

183 2537 268 2571 Fert
296 2536 461 2579 virginale
489 2537 598 2571 lilium
923 2537 1089 2581 Signabat
1115 2536 1227 2570 undae
1256 2535 1355 2577 copia

183 2589 351 2630 Rosisque
380 2591 501 2622 vernat
527 2590 689 2631 martyris
925 2590 1054 2624 Oborta
1083 2587 1184 2621 siccis
1212 2586 1344 2620 balneis

183 2641 313 2675 Cruore
341 2639 449 2674 tincta
473 2641 658 2683 sanguinis.
920 2641 975 2675 Ad
1004 2639 1149 2683 gratiam
1176 2637 1408 2681 baptismatis.
