1652 2872
467 146 508 174 II.
541 145 590 174 De
614 144 750 174 Sanctis.
773 158 813 162 —-
835 143 885 172 De
907 152 931 172 s.
954 143 1104 172 Patricio.

90 248 124 281 9.
167 245 324 290 Impiger
352 249 534 283 eredentes
562 248 674 291 pascit

222 299 373 341 dapibus
403 299 622 341 caelestibus,

169 350 232 386 Ne,
255 352 312 393 qui
331 352 493 385 videntur
508 361 582 384 cum
600 349 748 392 Christo,

223 402 257 435 in
287 403 342 437 via
372 403 555 445 deficiant3

172 453 304 495 Quibus
333 458 454 496 erogat
480 457 519 488 ut
545 462 654 495 panes

222 505 329 539 verba
357 505 568 547 evangelica,

170 556 217 590 Et
246 557 343 590 cuius
373 556 652 599 multiplicantur

223 612 261 642 ut
288 618 414 642 manna
440 608 476 640 in
504 606 674 641 manibus.

65 753 124 788 10.
164 751 312 787 Kastam
341 751 399 794 qui
429 751 580 785 custodit
610 760 747 785 carnem

221 803 265 838 ob
293 813 447 837 amorem
475 803 627 846 Domini,

163 856 272 898 Quam
285 865 422 890 carnem
435 855 601 899 templum
613 855 748 898 paravit

218 911 409 955 sanctoque
437 908 587 953 spiritui,

163 961 194 994 A
215 969 282 1003 quo
304 962 504 994 constanter
519 969 595 992 cum
612 959 749 993 mundis

214 1012 421 1054 possidetur
449 1011 596 1051 actibus,

165 1064 272 1105 Quam
307 1067 343 1098 ut
372 1063 522 1098 hostiam
553 1064 746 1106 placentem

217 1117 331 1150 vivam
360 1115 461 1150 offert
490 1115 650 1150 Domino.

61 1263 120 1297 11.
164 1260 367 1304 Lumenque
404 1261 524 1294 mundi
561 1270 744 1296 accensum

213 1314 336 1357 ingens
362 1313 617 1359 evangelicum,
696 1309 700 1312 ’

164 1367 204 1401 In
234 1365 446 1399 candelabro
474 1365 639 1407 levatum,

215 1420 288 1451 toto
319 1415 454 1460 fulgens
483 1418 632 1462 saeculo,

164 1469 298 1504 Civitas
327 1468 418 1512 regis
447 1468 591 1512 munita,

213 1531 321 1563 supra
349 1524 499 1555 montem
528 1521 654 1564 posita,

164 1573 274 1615 Copia
301 1573 336 1606 in
365 1583 433 1616 qua
461 1577 512 1606 est
542 1573 660 1614 multa,

214 1635 316 1668 quam
358 1625 528 1660 Dominus
572 1625 742 1668 possidet.

60 1773 118 1805 12.
162 1769 335 1805 Maximus
376 1781 524 1813 namque
565 1771 602 1804 in
639 1780 745 1812 regno

216 1823 388 1856 caelorum
419 1823 613 1866 vocabitur,

164 1875 241 1918 Qui,
261 1875 352 1917 quod
373 1874 490 1908 verbis
507 1875 605 1908 docet
623 1874 743 1914 sacris,

216 1926 320 1961 factis
347 1926 515 1970 adimplet
545 1926 664 1971 bonis3

163 1979 260 2013 Bono
288 1979 467 2021 praeeedit
499 1979 657 2022 exemplo

217 2032 396 2073 formaque
424 2030 591 2072 fidelium,

166 2083 367 2125 Mundoque
395 2082 428 2116 in
460 2083 564 2117 corde
593 2082 697 2116 habet

218 2136 261 2169 ad
291 2135 402 2169 Deum
432 2135 605 2169 fiduciam.

67 2271 121 2306 13.
163 2268 299 2304 Nomen
328 2269 469 2304 Domini
497 2269 666 2303 audenter

217 2321 401 2355 adnuntiat
428 2321 600 2363 gentibus,

158 2373 295 2417 Quibus
324 2373 455 2407 lavacri
483 2373 604 2407 salutis

218 2429 396 2459 aeternam
427 2425 487 2458 dat
515 2425 673 2468 gratiam„

167 2478 236 2510 Pro
265 2487 408 2519 quorum
437 2480 516 2510 orat
545 2477 680 2510 delictis

217 2528 263 2562 ad
286 2528 397 2562 Deum
428 2528 567 2571 cotidie,

170 2580 238 2613 Pro
276 2580 400 2622 quibus
435 2585 469 2613 ut
510 2580 584 2613 Deo
623 2580 745 2621 dignas

223 2630 445 2674 immolatque
474 2631 615 2666 hostias,

1425 141 1497 178 341

820 246 880 280 14.
922 243 1066 280 Omnem
1094 257 1159 290 pro
1188 247 1305 281 divina
1333 247 1408 289 lege

973 298 1091 332 mundi
1119 299 1253 340 spernit
1280 299 1436 341 gloriam,

920 350 984 391 Qui
1022 354 1144 384 cuncta
1172 350 1216 384 ad
1246 351 1318 384 eius
1347 360 1498 384 mensam

972 402 1132 434 aestimat
1160 400 1357 444 quisquilia,

924 452 996 485 Nee
1020 452 1192 495 ingruenti
1222 457 1378 487 movetur

973 504 1092 538 mundi
1122 504 1220 538 huius
1251 503 1406 549 fulmine,

921 554 990 588 Sed
1018 555 1052 587 in
1082 555 1239 589 adversis
1271 557 1431 598 laetatur,

973 616 1047 640 cum
1086 617 1149 649 pro
1178 607 1316 642 Christo
1355 608 1497 650 patitur.

818 752 875 786 15.
919 750 1049 786 Pastor
1078 750 1186 784 bonus
1215 754 1249 784 et
1276 751 1390 786 fidelis

972 803 1087 846 gregis
1120 803 1322 846 evangelici,

919 856 1025 897 Quem
1055 855 1148 889 Deus
1177 855 1242 888 Dei
1273 855 1377 898 elegit

971 907 1146 941 custodire
1174 908 1340 949 populum

920 959 1093 1001 Suamque
1120 968 1263 1002 pascere
1292 959 1429 1001 plebem

974 1011 1100 1045 divinis
1129 1011 1359 1053 dogmatibus,

920 1063 988 1096 Pro
1008 1073 1075 1105 qua
1094 1063 1139 1096 ad
1157 1063 1287 1098 Christi
1303 1063 1498 1106 exemplum

972 1125 1067 1149 suam
1097 1115 1207 1149 tradit
1235 1116 1396 1150 animam.

811 1261 872 1297 16.
916 1259 1025 1307 Quem
1067 1270 1132 1303 pro
1169 1260 1303 1294 meritis
1343 1261 1495 1295 salvator

966 1312 1129 1356 provexit
1157 1312 1366 1357 pontificem,

916 1362 967 1401 Ut
996 1365 1032 1398 in
1062 1364 1201 1398 caelesti
1230 1368 1385 1398 moneret

969 1416 1114 1450 elericos
1143 1416 1279 1457 militia,

885 1469 1111 1512 ,Caelestem
1158 1467 1282 1510 quibus
1325 1478 1496 1502 annonam

969 1524 1088 1564 erogat
1118 1530 1192 1554 cum
1222 1520 1388 1558 vestibus,

917 1572 1016 1614 Quod
1044 1573 1078 1606 in
1110 1572 1237 1605 divinis
1266 1573 1431 1614 impletur

970 1625 1148 1667 sacrisque
1176 1623 1367 1661 adfatibus,

814 1771 871 1805 17.
915 1769 1025 1813 Regis
1053 1770 1194 1803 nuntius
1222 1769 1374 1803 invitans

969 1822 1150 1855 credentes
1180 1823 1223 1855 ad
1254 1822 1403 1863 nuptias,

915 1874 979 1915 Qui
1008 1877 1151 1908 ornatur
1180 1874 1384 1908 vestimento

968 1926 1116 1969 nuptiali
1144 1926 1296 1967 indutus,

915 1979 980 2021 Qui
1011 1979 1158 2011 caeleste
1187 1978 1301 2012 haurit
1331 1977 1446 2010 vinum

968 2030 1001 2063 in
1033 2031 1124 2064 vasis
1153 2029 1362 2063 caelestibus

920 2083 1180 2125 Propinansque
1209 2082 1275 2115 Dei
1304 2081 1398 2123 plebi

969 2134 1127 2176 spiritale
1156 2134 1330 2177 poculum.

812 2270 872 2305 18.
914 2267 1059 2303 Sacrum
1088 2268 1219 2301 invenit
1248 2268 1444 2301 thesaurum

966 2330 1065 2354 sacro
1094 2320 1129 2352 in
1158 2321 1329 2353 volumine

915 2372 1175 2413 Salvatorisque
1204 2372 1236 2405 in
1266 2381 1368 2404 carne

969 2424 1129 2456 deitatem
1161 2423 1331 2466 pervidet,

915 2477 1022 2518 Quem
1042 2475 1240 2508 thesaurum
1263 2474 1342 2507 emit
1364 2473 1492 2506 sanctis

966 2526 1202 2570 perfectisque
1230 2526 1375 2567 meritis,

915 2576 1055 2612 Israhel
1083 2583 1226 2613 vocatur
1255 2578 1352 2611 liuius

966 2630 1092 2672 anima,
1121 2630 1253 2676 ,cidens
1281 2630 1425 2662 Deum&
