<?xml version="1.0" encoding="UTF-8"?>
<!DOCTYPE html PUBLIC "-//W3C//DTD XHTML 1.0 Transitional//EN"
    "http://www.w3.org/TR/xhtml1/DTD/xhtml1-transitional.dtd">
<html xmlns="http://www.w3.org/1999/xhtml" xml:lang="en" lang="en">
 <head>
  <title>
</title>
<meta http-equiv="Content-Type" content="text/html;charset=utf-8" />
  <meta name='ocr-system' content='tesseract 3.04.00' />
  <meta name='ocr-capabilities' content='ocr_page ocr_carea ocr_par ocr_line ocrx_word'/>
</head>
<body>
  <div class='ocr_page' id='page_1' title='image "./analectahymnica51drevuoft_0238.png"; bbox 0 0 1652 2872; ppageno 0'>
   <div class='ocr_carea' id='block_1_1' title="bbox 148 171 1574 210">
    <p class='ocr_par' dir='ltr' id='par_1_1' title="bbox 148 171 1574 210">
     <span class='ocr_line' id='line_1_1' title="bbox 148 171 1574 210; baseline -0.002 -7"><span class='ocrx_word' id='word_1_1' title='bbox 148 175 189 203; x_wconf 90' lang='grc' dir='ltr'>ΙΙ.</span> <span class='ocrx_word' id='word_1_2' title='bbox 225 175 272 204; x_wconf 89' lang='lat' dir='ltr'>De</span> <span class='ocrx_word' id='word_1_3' title='bbox 295 175 430 204; x_wconf 87' lang='lat' dir='ltr'>Sanctis.</span> <span class='ocrx_word' id='word_1_4' title='bbox 456 191 493 195; x_wconf 85' lang='lat'>-</span> <span class='ocrx_word' id='word_1_5' title='bbox 517 176 551 203; x_wconf 85' lang='lat' dir='ltr'>B.</span> <span class='ocrx_word' id='word_1_6' title='bbox 576 173 694 210; x_wconf 86' lang='lat' dir='ltr'><strong>Hymni</strong></span> <span class='ocrx_word' id='word_1_7' title='bbox 718 172 756 201; x_wconf 89' lang='lat' dir='ltr'>de</span> <span class='ocrx_word' id='word_1_8' title='bbox 779 171 904 200; x_wconf 84' lang='lat' dir='ltr'>Sanctis</span> <span class='ocrx_word' id='word_1_9' title='bbox 927 171 1062 209; x_wconf 83' lang='lat' dir='ltr'>Propi-ii.</span> <span class='ocrx_word' id='word_1_10' title='bbox 1108 173 1154 200; x_wconf 83' lang='lat' dir='ltr'>De</span> <span class='ocrx_word' id='word_1_11' title='bbox 1179 182 1202 200; x_wconf 90' lang='lat' dir='ltr'>s.</span> <span class='ocrx_word' id='word_1_12' title='bbox 1227 172 1368 202; x_wconf 80' lang='lat' dir='ltr'>Iohanne</span> <span class='ocrx_word' id='word_1_13' title='bbox 1391 173 1451 201; x_wconf 65' lang='lat' dir='ltr'>Er.</span> <span class='ocrx_word' id='word_1_14' title='bbox 1505 172 1574 209; x_wconf 72' lang='lat'>187</span> 
     </span>
    </p>
   </div>
   <div class='ocr_carea' id='block_1_2' title="bbox 512 303 1207 343">
    <p class='ocr_par' dir='ltr' id='par_1_2' title="bbox 512 303 1207 343">
     <span class='ocr_line' id='line_1_2' title="bbox 512 303 1207 343; baseline 0 -6"><span class='ocrx_word' id='word_1_15' title='bbox 512 305 584 338; x_wconf 85' lang='grc'><strong>163.</strong></span> <span class='ocrx_word' id='word_1_16' title='bbox 618 306 659 337; x_wconf 92' lang='lat' dir='ltr'>In</span> <span class='ocrx_word' id='word_1_17' title='bbox 683 313 712 336; x_wconf 84' lang='lat' dir='ltr'>s.</span> <span class='ocrx_word' id='word_1_18' title='bbox 737 303 912 336; x_wconf 78' lang='lat' dir='ltr'><strong>Iohannis</strong></span> <span class='ocrx_word' id='word_1_19' title='bbox 936 304 1207 343; x_wconf 77' lang='lat' dir='ltr'>Evangelistae.</span> 
     </span>
    </p>
   </div>
   <div class='ocr_carea' id='block_1_3' title="bbox 147 390 1583 1534">
    <p class='ocr_par' dir='ltr' id='par_1_3' title="bbox 153 390 1476 582">
     <span class='ocr_line' id='line_1_3' title="bbox 153 390 1476 435; baseline -0.001 -9"><span class='ocrx_word' id='word_1_20' title='bbox 153 393 184 427; x_wconf 91' lang='lat'>1.</span> <span class='ocrx_word' id='word_1_21' title='bbox 228 393 303 426; x_wconf 88' lang='lat' dir='ltr'>Deo</span> <span class='ocrx_word' id='word_1_22' title='bbox 331 393 422 435; x_wconf 91' lang='lat' dir='ltr'>quod</span> <span class='ocrx_word' id='word_1_23' title='bbox 450 395 545 426; x_wconf 91' lang='lat' dir='ltr'>ortus</span> <span class='ocrx_word' id='word_1_24' title='bbox 573 390 619 424; x_wconf 87' lang='lat' dir='ltr'>sit</span> <span class='ocrx_word' id='word_1_25' title='bbox 646 390 751 431; x_wconf 81' lang='lat' dir='ltr'>Deus,</span> <span class='ocrx_word' id='word_1_26' title='bbox 897 391 930 425; x_wconf 86' lang='lat'>5.</span> <span class='ocrx_word' id='word_1_27' title='bbox 976 391 1021 425; x_wconf 84' lang='lat' dir='ltr'>Ut</span> <span class='ocrx_word' id='word_1_28' title='bbox 1050 390 1135 423; x_wconf 84' lang='lat' dir='ltr'>haec</span> <span class='ocrx_word' id='word_1_29' title='bbox 1164 391 1295 424; x_wconf 84' lang='lat' dir='ltr'>valeret</span> <span class='ocrx_word' id='word_1_30' title='bbox 1323 391 1476 425; x_wconf 82' lang='lat' dir='ltr'>scribere</span> 
     </span>
     <span class='ocr_line' id='line_1_4' title="bbox 228 441 1411 486; baseline -0.002 -8"><span class='ocrx_word' id='word_1_31' title='bbox 228 443 316 478; x_wconf 87' lang='lat' dir='ltr'>Caro</span> <span class='ocrx_word' id='word_1_32' title='bbox 344 444 435 478; x_wconf 89' lang='lat' dir='ltr'>idem</span> <span class='ocrx_word' id='word_1_33' title='bbox 465 452 506 477; x_wconf 83' lang='lat' dir='ltr'>ex</span> <span class='ocrx_word' id='word_1_34' title='bbox 535 442 626 477; x_wconf 83' lang='lat' dir='ltr'>alma</span> <span class='ocrx_word' id='word_1_35' title='bbox 654 441 787 484; x_wconf 86' lang='lat' dir='ltr'>virgine</span> <span class='ocrx_word' id='word_1_36' title='bbox 973 442 1120 475; x_wconf 82' lang='lat' dir='ltr'>Perenni</span> <span class='ocrx_word' id='word_1_37' title='bbox 1150 441 1234 476; x_wconf 84' lang='lat' dir='ltr'>hora</span> <span class='ocrx_word' id='word_1_38' title='bbox 1262 442 1411 486; x_wconf 85' lang='lat' dir='ltr'>saeculo,</span> 
     </span>
     <span class='ocr_line' id='line_1_5' title="bbox 228 492 1378 537; baseline -0.001 -8"><span class='ocrx_word' id='word_1_39' title='bbox 228 495 374 530; x_wconf 85' lang='lat' dir='ltr'>Creator</span> <span class='ocrx_word' id='word_1_40' title='bbox 400 500 502 537; x_wconf 88' lang='lat' dir='ltr'>atque</span> <span class='ocrx_word' id='word_1_41' title='bbox 529 493 698 533; x_wconf 90' lang='lat' dir='ltr'>conditor,</span> <span class='ocrx_word' id='word_1_42' title='bbox 972 492 1093 535; x_wconf 78' lang='lat' dir='ltr'>Quiete</span> <span class='ocrx_word' id='word_1_43' title='bbox 1122 492 1236 533; x_wconf 82' lang='lat' dir='ltr'>discit,</span> <span class='ocrx_word' id='word_1_44' title='bbox 1267 494 1378 528; x_wconf 87' lang='lat' dir='ltr'>rarior</span> 
     </span>
     <span class='ocr_line' id='line_1_6' title="bbox 228 545 1416 582; baseline -0.002 -2"><span class='ocrx_word' id='word_1_45' title='bbox 228 547 333 581; x_wconf 84' lang='lat' dir='ltr'>Sacer</span> <span class='ocrx_word' id='word_1_46' title='bbox 361 545 533 582; x_wconf 83' lang='lat' dir='ltr'>Iohannes</span> <span class='ocrx_word' id='word_1_47' title='bbox 560 545 702 579; x_wconf 83' lang='lat' dir='ltr'>indicat.</span> <span class='ocrx_word' id='word_1_48' title='bbox 973 545 1131 578; x_wconf 83' lang='lat' dir='ltr'>Meretur</span> <span class='ocrx_word' id='word_1_49' title='bbox 1160 554 1234 578; x_wconf 89' lang='lat' dir='ltr'>eam</span> <span class='ocrx_word' id='word_1_50' title='bbox 1264 546 1416 579; x_wconf 83' lang='lat' dir='ltr'>castitas.</span> 
     </span>
    </p>

    <p class='ocr_par' dir='ltr' id='par_1_4' title="bbox 152 637 1501 835">
     <span class='ocr_line' id='line_1_7' title="bbox 152 637 1487 674; baseline -0.001 -1"><span class='ocrx_word' id='word_1_51' title='bbox 152 641 183 674; x_wconf 89' lang='lat'>2.</span> <span class='ocrx_word' id='word_1_52' title='bbox 229 639 334 673; x_wconf 85' lang='lat' dir='ltr'>Fides</span> <span class='ocrx_word' id='word_1_53' title='bbox 362 639 427 672; x_wconf 93' lang='lat' dir='ltr'>hoc</span> <span class='ocrx_word' id='word_1_54' title='bbox 454 637 567 671; x_wconf 86' lang='lat' dir='ltr'>hausit</span> <span class='ocrx_word' id='word_1_55' title='bbox 595 637 746 671; x_wconf 89' lang='lat' dir='ltr'>omnium</span> <span class='ocrx_word' id='word_1_56' title='bbox 898 641 931 671; x_wconf 77' lang='lat'>6.</span> <span class='ocrx_word' id='word_1_57' title='bbox 976 637 1156 671; x_wconf 84' lang='lat' dir='ltr'>verendus</span> <span class='ocrx_word' id='word_1_58' title='bbox 1185 641 1359 671; x_wconf 83' lang='lat' dir='ltr'>aeternum</span> <span class='ocrx_word' id='word_1_59' title='bbox 1391 638 1487 672; x_wconf 88' lang='lat' dir='ltr'>bonis</span> 
     </span>
     <span class='ocr_line' id='line_1_8' title="bbox 230 689 1442 733; baseline -0.002 -9"><span class='ocrx_word' id='word_1_60' title='bbox 230 691 407 733; x_wconf 86' lang='lat' dir='ltr'>Tenetque</span> <span class='ocrx_word' id='word_1_61' title='bbox 435 689 544 723; x_wconf 87' lang='lat' dir='ltr'>lucem</span> <span class='ocrx_word' id='word_1_62' title='bbox 573 689 737 732; x_wconf 86' lang='lat' dir='ltr'>gentium,</span> <span class='ocrx_word' id='word_1_63' title='bbox 975 689 1071 723; x_wconf 87' lang='lat' dir='ltr'>Citra</span> <span class='ocrx_word' id='word_1_64' title='bbox 1100 699 1257 723; x_wconf 86' lang='lat' dir='ltr'>cruorem</span> <span class='ocrx_word' id='word_1_65' title='bbox 1287 690 1442 723; x_wconf 84' lang='lat' dir='ltr'>creditur</span> 
     </span>
     <span class='ocr_line' id='line_1_9' title="bbox 228 740 1501 785; baseline -0.001 -10"><span class='ocrx_word' id='word_1_66' title='bbox 228 743 328 775; x_wconf 86' lang='lat' dir='ltr'>Vices</span> <span class='ocrx_word' id='word_1_67' title='bbox 355 751 417 775; x_wconf 88' lang='lat' dir='ltr'>nec</span> <span class='ocrx_word' id='word_1_68' title='bbox 445 741 534 774; x_wconf 88' lang='lat' dir='ltr'>ullas</span> <span class='ocrx_word' id='word_1_69' title='bbox 561 740 692 784; x_wconf 87' lang='lat' dir='ltr'>accipit</span> <span class='ocrx_word' id='word_1_70' title='bbox 975 742 1146 776; x_wconf 85' lang='lat' dir='ltr'>Cacumen</span> <span class='ocrx_word' id='word_1_71' title='bbox 1175 742 1283 775; x_wconf 84' lang='lat' dir='ltr'>altum</span> <span class='ocrx_word' id='word_1_72' title='bbox 1311 745 1501 785; x_wconf 74' lang='lat' dir='ltr'>martyrum</span> 
     </span>
     <span class='ocr_line' id='line_1_10' title="bbox 227 792 1468 835; baseline 0 -8"><span class='ocrx_word' id='word_1_73' title='bbox 227 794 312 827; x_wconf 89' lang='lat' dir='ltr'>Eius</span> <span class='ocrx_word' id='word_1_74' title='bbox 342 793 410 827; x_wconf 89' lang='lat' dir='ltr'>diei</span> <span class='ocrx_word' id='word_1_75' title='bbox 439 793 561 835; x_wconf 86' lang='lat' dir='ltr'>gratia.</span> <span class='ocrx_word' id='word_1_76' title='bbox 975 792 1117 835; x_wconf 90' lang='lat' dir='ltr'>Cepisse</span> <span class='ocrx_word' id='word_1_77' title='bbox 1145 793 1275 828; x_wconf 87' lang='lat' dir='ltr'>sanctis</span> <span class='ocrx_word' id='word_1_78' title='bbox 1304 792 1468 828; x_wconf 83' lang='lat' dir='ltr'>moribus.</span> 
     </span>
    </p>

    <p class='ocr_par' dir='ltr' id='par_1_5' title="bbox 151 886 1503 1084">
     <span class='ocr_line' id='line_1_11' title="bbox 151 886 1503 929; baseline -0.001 -8"><span class='ocrx_word' id='word_1_79' title='bbox 151 889 185 921; x_wconf 85' lang='lat'>3.</span> <span class='ocrx_word' id='word_1_80' title='bbox 230 887 366 920; x_wconf 86' lang='lat' dir='ltr'>Minora</span> <span class='ocrx_word' id='word_1_81' title='bbox 394 890 464 920; x_wconf 84' lang='lat' dir='ltr'>tres</span> <span class='ocrx_word' id='word_1_82' title='bbox 494 896 569 920; x_wconf 84' lang='lat' dir='ltr'>cum</span> <span class='ocrx_word' id='word_1_83' title='bbox 599 886 704 921; x_wconf 89' lang='lat' dir='ltr'>ceteri</span> <span class='ocrx_word' id='word_1_84' title='bbox 899 888 931 921; x_wconf 89' lang='lat'>7.</span> <span class='ocrx_word' id='word_1_85' title='bbox 977 888 1162 922; x_wconf 85' lang='lat' dir='ltr'>Precamur</span> <span class='ocrx_word' id='word_1_86' title='bbox 1190 887 1286 920; x_wconf 88' lang='lat' dir='ltr'>illum</span> <span class='ocrx_word' id='word_1_87' title='bbox 1315 886 1503 929; x_wconf 79' lang='lat' dir='ltr'>supplices,</span> 
     </span>
     <span class='ocr_line' id='line_1_12' title="bbox 228 938 1348 982; baseline -0.002 -8"><span class='ocrx_word' id='word_1_88' title='bbox 228 938 382 974; x_wconf 85' lang='lat' dir='ltr'>Colenda</span> <span class='ocrx_word' id='word_1_89' title='bbox 410 948 485 972; x_wconf 87' lang='lat' dir='ltr'>esse</span> <span class='ocrx_word' id='word_1_90' title='bbox 513 939 770 981; x_wconf 81' lang='lat' dir='ltr'>praenuntient,</span> <span class='ocrx_word' id='word_1_91' title='bbox 974 939 1058 973; x_wconf 88' lang='lat' dir='ltr'>Eius</span> <span class='ocrx_word' id='word_1_92' title='bbox 1087 943 1209 982; x_wconf 88' lang='lat' dir='ltr'>potens</span> <span class='ocrx_word' id='word_1_93' title='bbox 1238 938 1348 972; x_wconf 88' lang='lat' dir='ltr'>oratio</span> 
     </span>
     <span class='ocr_line' id='line_1_13' title="bbox 227 989 1440 1024; baseline -0.001 0"><span class='ocrx_word' id='word_1_94' title='bbox 227 990 314 1024; x_wconf 89' lang='lat' dir='ltr'>Avis</span> <span class='ocrx_word' id='word_1_95' title='bbox 343 990 400 1023; x_wconf 89' lang='lat' dir='ltr'>hic</span> <span class='ocrx_word' id='word_1_96' title='bbox 427 991 537 1024; x_wconf 86' lang='lat' dir='ltr'>instar</span> <span class='ocrx_word' id='word_1_97' title='bbox 565 991 705 1024; x_wconf 86' lang='lat' dir='ltr'>evolans</span> <span class='ocrx_word' id='word_1_98' title='bbox 976 990 1084 1024; x_wconf 82' lang='lat' dir='ltr'>Nobis</span> <span class='ocrx_word' id='word_1_99' title='bbox 1113 994 1151 1024; x_wconf 91' lang='lat' dir='ltr'>ut</span> <span class='ocrx_word' id='word_1_100' title='bbox 1178 991 1265 1024; x_wconf 85' lang='lat' dir='ltr'>assit</span> <span class='ocrx_word' id='word_1_101' title='bbox 1290 989 1440 1024; x_wconf 89' lang='lat' dir='ltr'>servulis</span> 
     </span>
     <span class='ocr_line' id='line_1_14' title="bbox 229 1042 1425 1084; baseline 0.001 -9"><span class='ocrx_word' id='word_1_102' title='bbox 229 1042 389 1076; x_wconf 86' lang='lat' dir='ltr'>Moratur</span> <span class='ocrx_word' id='word_1_103' title='bbox 417 1042 451 1076; x_wconf 93' lang='lat' dir='ltr'>in</span> <span class='ocrx_word' id='word_1_104' title='bbox 480 1042 680 1076; x_wconf 88' lang='lat' dir='ltr'>maioribus.</span> <span class='ocrx_word' id='word_1_105' title='bbox 973 1042 1067 1084; x_wconf 87' lang='lat' dir='ltr'>Tuis,</span> <span class='ocrx_word' id='word_1_106' title='bbox 1099 1049 1235 1076; x_wconf 86' lang='lat' dir='ltr'>creator</span> <span class='ocrx_word' id='word_1_107' title='bbox 1263 1043 1425 1076; x_wconf 89' lang='lat' dir='ltr'>omnium.</span> 
     </span>
    </p>

    <p class='ocr_par' dir='ltr' id='par_1_6' title="bbox 151 1134 1357 1178">
     <span class='ocr_line' id='line_1_15' title="bbox 151 1134 1357 1178; baseline -0.002 -8"><span class='ocrx_word' id='word_1_108' title='bbox 151 1137 186 1170; x_wconf 82' lang='lat'>4.</span> <span class='ocrx_word' id='word_1_109' title='bbox 229 1134 391 1177; x_wconf 89' lang='lat' dir='ltr'>Stuperet</span> <span class='ocrx_word' id='word_1_110' title='bbox 419 1134 512 1168; x_wconf 92' lang='lat' dir='ltr'>istud</span> <span class='ocrx_word' id='word_1_111' title='bbox 541 1135 722 1178; x_wconf 80' lang='lat' dir='ltr'>quispiam,</span> <span class='ocrx_word' id='word_1_112' title='bbox 901 1136 936 1170; x_wconf 81' lang='lat'>8.</span> <span class='ocrx_word' id='word_1_113' title='bbox 978 1136 1088 1169; x_wconf 85' lang='lat' dir='ltr'>Beata</span> <span class='ocrx_word' id='word_1_114' title='bbox 1116 1135 1207 1178; x_wconf 88' lang='lat' dir='ltr'>patri</span> <span class='ocrx_word' id='word_1_115' title='bbox 1236 1134 1357 1178; x_wconf 85' lang='lat' dir='ltr'>gloria,</span> 
     </span>
    </p>

    <p class='ocr_par' dir='ltr' id='par_1_7' title="bbox 228 1186 1280 1229">
     <span class='ocr_line' id='line_1_16' title="bbox 228 1186 1280 1229; baseline 0 -9"><span class='ocrx_word' id='word_1_116' title='bbox 228 1186 327 1228; x_wconf 83' lang='lat' dir='ltr'>Quod</span> <span class='ocrx_word' id='word_1_117' title='bbox 356 1196 432 1220; x_wconf 87' lang='lat' dir='ltr'>esse</span> <span class='ocrx_word' id='word_1_118' title='bbox 458 1186 750 1229; x_wconf 83' lang='lat' dir='ltr'>perscrutantium</span> <span class='ocrx_word' id='word_1_119' title='bbox 978 1187 1087 1220; x_wconf 87' lang='lat' dir='ltr'>Beata</span> <span class='ocrx_word' id='word_1_120' title='bbox 1114 1186 1179 1220; x_wconf 88' lang='lat' dir='ltr'>soli</span> <span class='ocrx_word' id='word_1_121' title='bbox 1206 1186 1280 1220; x_wconf 82' lang='lat' dir='ltr'>filio</span> 
     </span>
    </p>

    <p class='ocr_par' dir='ltr' id='par_1_8' title="bbox 232 1237 1582 1410">
     <span class='ocr_line' id='line_1_17' title="bbox 232 1237 1465 1281; baseline -0.002 -9"><span class='ocrx_word' id='word_1_122' title='bbox 232 1238 327 1272; x_wconf 89' lang='lat' dir='ltr'>Solet</span> <span class='ocrx_word' id='word_1_123' title='bbox 354 1238 460 1280; x_wconf 89' lang='lat' dir='ltr'>Deus,</span> <span class='ocrx_word' id='word_1_124' title='bbox 490 1238 524 1272; x_wconf 88' lang='lat' dir='ltr'>ni</span> <span class='ocrx_word' id='word_1_125' title='bbox 552 1238 586 1271; x_wconf 92' lang='lat' dir='ltr'>in</span> <span class='ocrx_word' id='word_1_126' title='bbox 615 1241 757 1281; x_wconf 88' lang='lat' dir='ltr'>pectore</span> <span class='ocrx_word' id='word_1_127' title='bbox 979 1238 1128 1281; x_wconf 85' lang='lat' dir='ltr'>Utrique</span> <span class='ocrx_word' id='word_1_128' title='bbox 1155 1248 1295 1281; x_wconf 85' lang='lat' dir='ltr'>compar</span> <span class='ocrx_word' id='word_1_129' title='bbox 1323 1237 1465 1280; x_wconf 89' lang='lat' dir='ltr'>spiritus</span> 
     </span>
     <span class='ocr_line' id='line_1_18' title="bbox 232 1289 1455 1332; baseline 0.001 -9"><span class='ocrx_word' id='word_1_130' title='bbox 232 1289 391 1324; x_wconf 86' lang='lat' dir='ltr'>Parasset</span> <span class='ocrx_word' id='word_1_131' title='bbox 421 1289 481 1323; x_wconf 89' lang='lat' dir='ltr'>ille</span> <span class='ocrx_word' id='word_1_132' title='bbox 509 1290 684 1326; x_wconf 87' lang='lat' dir='ltr'>lectulum.</span> <span class='ocrx_word' id='word_1_133' title='bbox 980 1290 1108 1332; x_wconf 87' lang='lat' dir='ltr'>Aequis</span> <span class='ocrx_word' id='word_1_134' title='bbox 1138 1290 1231 1323; x_wconf 85' lang='lat' dir='ltr'>cluat</span> <span class='ocrx_word' id='word_1_135' title='bbox 1258 1289 1455 1324; x_wconf 81' lang='lat' dir='ltr'>honoribus.</span> 
     </span>
     <span class='ocr_line' id='line_1_19' title="bbox 235 1368 1582 1410; baseline -0.001 -11"><span class='ocrx_word' id='word_1_136' title='bbox 235 1371 413 1407; x_wconf 70' lang='lat' dir='ltr'>Fragment.</span> <span class='ocrx_word' id='word_1_137' title='bbox 449 1380 505 1400; x_wconf 81' lang='lat' dir='ltr'>ms.</span> <span class='ocrx_word' id='word_1_138' title='bbox 530 1372 699 1408; x_wconf 87' lang='lat' dir='ltr'>Hynmarii</span> <span class='ocrx_word' id='word_1_139' title='bbox 727 1372 838 1401; x_wconf 81' lang='lat' dir='ltr'>incert.</span> <span class='ocrx_word' id='word_1_140' title='bbox 864 1373 977 1410; x_wconf 83' lang='lat' dir='ltr'>origin.</span> <span class='ocrx_word' id='word_1_141' title='bbox 1002 1380 1083 1400; x_wconf 84' lang='lat' dir='ltr'>saec.</span> <span class='ocrx_word' id='word_1_142' title='bbox 1114 1369 1160 1400; x_wconf 91' lang='lat'>10.</span> <span class='ocrx_word' id='word_1_143' title='bbox 1206 1371 1281 1401; x_wconf 81' lang='lat' dir='ltr'>Cod.</span> <span class='ocrx_word' id='word_1_144' title='bbox 1305 1371 1438 1399; x_wconf 86' lang='lat' dir='ltr'>Bernen.</span> <span class='ocrx_word' id='word_1_145' title='bbox 1464 1370 1516 1398; x_wconf 81' lang='grc' dir='ltr'>ΑΔ</span> <span class='ocrx_word' id='word_1_146' title='bbox 1542 1368 1582 1398; x_wconf 81' lang='lat'>90</span> 
     </span>
    </p>

    <p class='ocr_par' dir='ltr' id='par_1_9' title="bbox 147 1409 1581 1451">
     <span class='ocr_line' id='line_1_20' title="bbox 147 1409 1581 1451; baseline -0.003 -9"><span class='ocrx_word' id='word_1_147' title='bbox 147 1412 234 1451; x_wconf 85' lang='lat' dir='ltr'>(pars</span> <span class='ocrx_word' id='word_1_148' title='bbox 260 1412 317 1444; x_wconf 67' lang='lat'>19).</span> <span class='ocrx_word' id='word_1_149' title='bbox 343 1429 382 1432; x_wconf 91' lang='lat'><strong>—</strong></span> <span class='ocrx_word' id='word_1_150' title='bbox 409 1412 432 1448; x_wconf 85' lang='lat' dir='ltr'>l,</span> <span class='ocrx_word' id='word_1_151' title='bbox 458 1411 476 1441; x_wconf 89' lang='grc'>2</span> <span class='ocrx_word' id='word_1_152' title='bbox 499 1413 582 1442; x_wconf 84' lang='lat' dir='ltr'>idem</span> <span class='ocrx_word' id='word_1_153' title='bbox 605 1416 644 1441; x_wconf 76' lang='lat' dir='ltr'>et.</span> <span class='ocrx_word' id='word_1_154' title='bbox 689 1412 737 1449; x_wconf 88' lang='lat' dir='ltr'>(In</span> <span class='ocrx_word' id='word_1_155' title='bbox 761 1413 879 1442; x_wconf 77' lang='lat' dir='ltr'>diesem</span> <span class='ocrx_word' id='word_1_156' title='bbox 896 1414 995 1442; x_wconf 85' lang='lat' dir='ltr'>Verse</span> <span class='ocrx_word' id='word_1_157' title='bbox 1017 1413 1166 1451; x_wconf 85' lang='lat' dir='ltr'>doppelte</span> <span class='ocrx_word' id='word_1_158' title='bbox 1182 1413 1327 1441; x_wconf 82' lang='lat' dir='ltr'>Elision:</span> <span class='ocrx_word' id='word_1_159' title='bbox 1351 1412 1405 1440; x_wconf 81' lang='lat' dir='ltr'>cfr.</span> <span class='ocrx_word' id='word_1_160' title='bbox 1422 1410 1450 1445; x_wconf 79' lang='lat'>3,</span> <span class='ocrx_word' id='word_1_161' title='bbox 1475 1409 1493 1439; x_wconf 80' lang='lat'>2</span> <span class='ocrx_word' id='word_1_162' title='bbox 1518 1411 1581 1438; x_wconf 88' lang='lat' dir='ltr'>und</span> 
     </span>
    </p>

    <p class='ocr_par' dir='ltr' id='par_1_10' title="bbox 149 1452 1583 1490">
     <span class='ocr_line' id='line_1_21' title="bbox 149 1452 1583 1490; baseline -0.003 -6"><span class='ocrx_word' id='word_1_163' title='bbox 149 1452 187 1488; x_wconf 85' lang='lat'>4,</span> <span class='ocrx_word' id='word_1_164' title='bbox 217 1452 260 1490; x_wconf 81' lang='grc'>3.)</span> <span class='ocrx_word' id='word_1_165' title='bbox 291 1469 327 1474; x_wconf 47' lang='grc'>-’</span> <span class='ocrx_word' id='word_1_166' title='bbox 360 1453 392 1489; x_wconf 87' lang='lat' dir='ltr'>l,</span> <span class='ocrx_word' id='word_1_167' title='bbox 423 1452 442 1483; x_wconf 82' lang='grc'><strong>3</strong></span> <span class='ocrx_word' id='word_1_168' title='bbox 470 1454 626 1483; x_wconf 77' lang='lat' dir='ltr'>conditus.</span> <span class='ocrx_word' id='word_1_169' title='bbox 655 1469 688 1474; x_wconf 88' lang='lat'>——</span> <span class='ocrx_word' id='word_1_170' title='bbox 712 1452 747 1489; x_wconf 83' lang='lat'>2,</span> <span class='ocrx_word' id='word_1_171' title='bbox 777 1452 798 1484; x_wconf 88' lang='grc'>4</span> <span class='ocrx_word' id='word_1_172' title='bbox 819 1455 877 1484; x_wconf 87' lang='lat' dir='ltr'>Eis</span> <span class='ocrx_word' id='word_1_173' title='bbox 907 1454 981 1483; x_wconf 89' lang='lat' dir='ltr'>diei.</span> <span class='ocrx_word' id='word_1_174' title='bbox 1005 1471 1045 1475; x_wconf 82' lang='lat'>-—</span> <span class='ocrx_word' id='word_1_175' title='bbox 1068 1452 1104 1489; x_wconf 82' lang='lat'>3,</span> <span class='ocrx_word' id='word_1_176' title='bbox 1137 1452 1151 1482; x_wconf 95' lang='lat'>1</span> <span class='ocrx_word' id='word_1_177' title='bbox 1176 1455 1236 1482; x_wconf 91' lang='lat' dir='ltr'>Die</span> <span class='ocrx_word' id='word_1_178' title='bbox 1266 1457 1347 1489; x_wconf 83' lang='lat' dir='ltr'>„tres</span> <span class='ocrx_word' id='word_1_179' title='bbox 1371 1452 1485 1481; x_wconf 76' lang='lat' dir='ltr'>ceteri“</span> <span class='ocrx_word' id='word_1_180' title='bbox 1511 1452 1583 1480; x_wconf 87' lang='lat' dir='ltr'>sind</span> 
     </span>
    </p>

    <p class='ocr_par' dir='ltr' id='par_1_11' title="bbox 150 1493 1582 1534">
     <span class='ocr_line' id='line_1_22' title="bbox 150 1493 1582 1534; baseline -0.001 -11"><span class='ocrx_word' id='word_1_181' title='bbox 150 1495 317 1525; x_wconf 83' lang='lat' dir='ltr'>natiirlich</span> <span class='ocrx_word' id='word_1_182' title='bbox 347 1495 398 1525; x_wconf 86' lang='lat' dir='ltr'>die</span> <span class='ocrx_word' id='word_1_183' title='bbox 421 1495 659 1534; x_wconf 84' lang='lat' dir='ltr'>Evangelisten.</span> <span class='ocrx_word' id='word_1_184' title='bbox 683 1512 724 1515; x_wconf 84' lang='lat'>—</span> <span class='ocrx_word' id='word_1_185' title='bbox 745 1493 781 1532; x_wconf 88' lang='lat'>3,</span> <span class='ocrx_word' id='word_1_186' title='bbox 812 1494 831 1524; x_wconf 85' lang='lat'>2</span> <span class='ocrx_word' id='word_1_187' title='bbox 854 1496 995 1525; x_wconf 86' lang='lat' dir='ltr'>Colenda</span> <span class='ocrx_word' id='word_1_188' title='bbox 1021 1495 1076 1524; x_wconf 86' lang='lat' dir='ltr'>sed</span> <span class='ocrx_word' id='word_1_189' title='bbox 1100 1496 1333 1533; x_wconf 83' lang='lat' dir='ltr'>praenuntient.</span> <span class='ocrx_word' id='word_1_190' title='bbox 1358 1510 1396 1514; x_wconf 53' lang='lat'>„-</span> <span class='ocrx_word' id='word_1_191' title='bbox 1420 1495 1496 1522; x_wconf 81' lang='lat' dir='ltr'>Man</span> <span class='ocrx_word' id='word_1_192' title='bbox 1518 1493 1582 1530; x_wconf 83' lang='lat' dir='ltr'>vgl.</span> 
     </span>
    </p>
   </div>
   <div class='ocr_carea' id='block_1_4' title="bbox 151 1536 888 1576">
    <p class='ocr_par' dir='ltr' id='par_1_12' title="bbox 151 1536 888 1576">
     <span class='ocr_line' id='line_1_23' title="bbox 151 1536 888 1576; baseline 0.003 -11"><span class='ocrx_word' id='word_1_193' title='bbox 151 1536 203 1566; x_wconf 88' lang='lat' dir='ltr'>die</span> <span class='ocrx_word' id='word_1_194' title='bbox 227 1538 308 1567; x_wconf 86' lang='lat' dir='ltr'>Note</span> <span class='ocrx_word' id='word_1_195' title='bbox 331 1547 402 1566; x_wconf 88' lang='lat' dir='ltr'>zum</span> <span class='ocrx_word' id='word_1_196' title='bbox 423 1536 703 1576; x_wconf 82' lang='lat' dir='ltr'>vorhergehenden</span> <span class='ocrx_word' id='word_1_197' title='bbox 731 1538 888 1575; x_wconf 83' lang='lat' dir='ltr'>Hymnus.</span> 
     </span>
    </p>
   </div>
   <div class='ocr_carea' id='block_1_5' title="bbox 518 1669 1218 1710">
    <p class='ocr_par' dir='ltr' id='par_1_13' title="bbox 518 1669 1218 1710">
     <span class='ocr_line' id='line_1_24' title="bbox 518 1669 1218 1710; baseline 0.001 -9"><span class='ocrx_word' id='word_1_198' title='bbox 518 1669 592 1702; x_wconf 65' lang='lat'>164.</span> <span class='ocrx_word' id='word_1_199' title='bbox 626 1670 668 1702; x_wconf 83' lang='lat' dir='ltr'>In</span> <span class='ocrx_word' id='word_1_200' title='bbox 692 1679 721 1703; x_wconf 84' lang='lat' dir='ltr'>s.</span> <span class='ocrx_word' id='word_1_201' title='bbox 745 1669 922 1703; x_wconf 82' lang='lat' dir='ltr'>Iohannis</span> <span class='ocrx_word' id='word_1_202' title='bbox 945 1670 1218 1710; x_wconf 83' lang='lat' dir='ltr'>Evangelistae.</span> 
     </span>
    </p>
   </div>
   <div class='ocr_carea' id='block_1_6' title="bbox 158 1753 1537 2454">
    <p class='ocr_par' dir='ltr' id='par_1_14' title="bbox 158 1753 1537 1955">
     <span class='ocr_line' id='line_1_25' title="bbox 158 1753 1453 1799; baseline -0.002 -8"><span class='ocrx_word' id='word_1_203' title='bbox 158 1757 190 1791; x_wconf 95' lang='lat'>1.</span> <span class='ocrx_word' id='word_1_204' title='bbox 235 1756 313 1798; x_wconf 74' lang='lat' dir='ltr'>Hic,</span> <span class='ocrx_word' id='word_1_205' title='bbox 344 1753 433 1789; x_wconf 88' lang='lat' dir='ltr'>festa</span> <span class='ocrx_word' id='word_1_206' title='bbox 460 1755 554 1789; x_wconf 83' lang='lat' dir='ltr'>cuius</span> <span class='ocrx_word' id='word_1_207' title='bbox 583 1755 775 1798; x_wconf 68' lang='lat' dir='ltr'>pangimus,</span> <span class='ocrx_word' id='word_1_208' title='bbox 902 1758 936 1791; x_wconf 92' lang='lat'>4.</span> <span class='ocrx_word' id='word_1_209' title='bbox 979 1757 1055 1790; x_wconf 87' lang='lat' dir='ltr'>Hoc</span> <span class='ocrx_word' id='word_1_210' title='bbox 1083 1757 1153 1799; x_wconf 83' lang='lat' dir='ltr'>egit</span> <span class='ocrx_word' id='word_1_211' title='bbox 1181 1756 1272 1790; x_wconf 84' lang='lat' dir='ltr'>alma</span> <span class='ocrx_word' id='word_1_212' title='bbox 1300 1755 1453 1799; x_wconf 85' lang='lat' dir='ltr'>castitas,</span> 
     </span>
     <span class='ocr_line' id='line_1_26' title="bbox 234 1807 1537 1852; baseline -0.001 -12"><span class='ocrx_word' id='word_1_213' title='bbox 234 1807 388 1841; x_wconf 87' lang='lat' dir='ltr'>Edoctus</span> <span class='ocrx_word' id='word_1_214' title='bbox 416 1810 469 1841; x_wconf 85' lang='lat' dir='ltr'>est</span> <span class='ocrx_word' id='word_1_215' title='bbox 496 1807 689 1850; x_wconf 87' lang='lat' dir='ltr'>largissime</span> <span class='ocrx_word' id='word_1_216' title='bbox 980 1810 1054 1851; x_wconf 77' lang='lat' dir='ltr'>Qua</span> <span class='ocrx_word' id='word_1_217' title='bbox 1082 1807 1191 1852; x_wconf 85' lang='lat' dir='ltr'>fulget</span> <span class='ocrx_word' id='word_1_218' title='bbox 1219 1807 1330 1842; x_wconf 88' lang='lat' dir='ltr'>omnis</span> <span class='ocrx_word' id='word_1_219' title='bbox 1359 1807 1537 1849; x_wconf 79' lang='lat' dir='ltr'>sanctitas,</span> 
     </span>
     <span class='ocr_line' id='line_1_27' title="bbox 238 1858 1498 1903; baseline -0.001 -11"><span class='ocrx_word' id='word_1_220' title='bbox 238 1859 300 1893; x_wconf 89' lang='lat'>1110</span> <span class='ocrx_word' id='word_1_221' title='bbox 330 1858 532 1892; x_wconf 88' lang='lat' dir='ltr'>recumbens</span> <span class='ocrx_word' id='word_1_222' title='bbox 560 1863 714 1903; x_wconf 86' lang='lat' dir='ltr'>pectore,</span> <span class='ocrx_word' id='word_1_223' title='bbox 981 1861 1055 1902; x_wconf 81' lang='lat' dir='ltr'>Qua</span> <span class='ocrx_word' id='word_1_224' title='bbox 1083 1860 1134 1894; x_wconf 87' lang='lat' dir='ltr'>sic</span> <span class='ocrx_word' id='word_1_225' title='bbox 1162 1860 1333 1894; x_wconf 87' lang='lat' dir='ltr'>Iohannes</span> <span class='ocrx_word' id='word_1_226' title='bbox 1363 1859 1498 1901; x_wconf 69' lang='lat' dir='ltr'>claruit,</span> 
     </span>
     <span class='ocr_line' id='line_1_28' title="bbox 234 1911 1458 1955; baseline 0.002 -11"><span class='ocrx_word' id='word_1_227' title='bbox 234 1912 307 1952; x_wconf 83' lang='lat' dir='ltr'>Quo</span> <span class='ocrx_word' id='word_1_228' title='bbox 336 1921 467 1944; x_wconf 85' lang='lat' dir='ltr'>summa</span> <span class='ocrx_word' id='word_1_229' title='bbox 495 1914 546 1944; x_wconf 90' lang='lat' dir='ltr'>est</span> <span class='ocrx_word' id='word_1_230' title='bbox 567 1911 728 1947; x_wconf 85' lang='lat' dir='ltr'>scientia.</span> <span class='ocrx_word' id='word_1_231' title='bbox 983 1913 1030 1947; x_wconf 87' lang='lat' dir='ltr'>Ut</span> <span class='ocrx_word' id='word_1_232' title='bbox 1057 1922 1157 1946; x_wconf 90' lang='lat' dir='ltr'>nemo</span> <span class='ocrx_word' id='word_1_233' title='bbox 1186 1912 1264 1955; x_wconf 86' lang='lat' dir='ltr'>plus</span> <span class='ocrx_word' id='word_1_234' title='bbox 1293 1911 1458 1946; x_wconf 86' lang='lat' dir='ltr'>fidelium.</span> 
     </span>
    </p>

    <p class='ocr_par' dir='ltr' id='par_1_15' title="bbox 159 2002 1501 2204">
     <span class='ocr_line' id='line_1_29' title="bbox 159 2002 1501 2051; baseline -0.001 -12"><span class='ocrx_word' id='word_1_235' title='bbox 159 2006 192 2039; x_wconf 89' lang='lat'>2.</span> <span class='ocrx_word' id='word_1_236' title='bbox 237 2004 367 2047; x_wconf 75' lang='lat' dir='ltr'>Regina</span> <span class='ocrx_word' id='word_1_237' title='bbox 395 2004 484 2037; x_wconf 90' lang='lat' dir='ltr'>sicut</span> <span class='ocrx_word' id='word_1_238' title='bbox 511 2004 625 2038; x_wconf 87' lang='lat' dir='ltr'>avium</span> <span class='ocrx_word' id='word_1_239' title='bbox 905 2008 938 2041; x_wconf 82' lang='lat'>5.</span> <span class='ocrx_word' id='word_1_240' title='bbox 983 2007 1169 2049; x_wconf 83' lang='lat' dir='ltr'>Rogandus</span> <span class='ocrx_word' id='word_1_241' title='bbox 1198 2010 1250 2040; x_wconf 87' lang='lat' dir='ltr'>est</span> <span class='ocrx_word' id='word_1_242' title='bbox 1277 2016 1298 2040; x_wconf 87' lang='lat' dir='ltr'>a</span> <span class='ocrx_word' id='word_1_243' title='bbox 1323 2002 1501 2051; x_wconf 66' lang='lat' dir='ltr'>servussisl</span> 
     </span>
     <span class='ocr_line' id='line_1_30' title="bbox 235 2056 1456 2099; baseline 0.001 -10"><span class='ocrx_word' id='word_1_244' title='bbox 235 2056 485 2090; x_wconf 85' lang='lat' dir='ltr'>Transscendit-</span> <span class='ocrx_word' id='word_1_245' title='bbox 512 2057 579 2090; x_wconf 88' lang='lat' dir='ltr'>ista</span> <span class='ocrx_word' id='word_1_246' title='bbox 607 2056 735 2099; x_wconf 78' lang='lat' dir='ltr'>nubila,</span> <span class='ocrx_word' id='word_1_247' title='bbox 984 2058 1050 2092; x_wconf 90' lang='lat' dir='ltr'>Hic</span> <span class='ocrx_word' id='word_1_248' title='bbox 1078 2068 1198 2091; x_wconf 78' lang='lat' dir='ltr'>servus</span> <span class='ocrx_word' id='word_1_249' title='bbox 1227 2057 1456 2099; x_wconf 83' lang='lat' dir='ltr'>admirabilis,</span> 
     </span>
     <span class='ocr_line' id='line_1_31' title="bbox 235 2107 1440 2145; baseline 0.001 -4"><span class='ocrx_word' id='word_1_250' title='bbox 235 2107 292 2141; x_wconf 87' lang='lat' dir='ltr'>Sic</span> <span class='ocrx_word' id='word_1_251' title='bbox 320 2112 443 2142; x_wconf 82' lang='lat' dir='ltr'>cuncta</span> <span class='ocrx_word' id='word_1_252' title='bbox 472 2107 555 2142; x_wconf 87' lang='lat' dir='ltr'>felix</span> <span class='ocrx_word' id='word_1_253' title='bbox 583 2109 756 2143; x_wconf 82' lang='lat' dir='ltr'>transiens</span> <span class='ocrx_word' id='word_1_254' title='bbox 984 2111 1031 2145; x_wconf 84' lang='lat' dir='ltr'>Ut</span> <span class='ocrx_word' id='word_1_255' title='bbox 1060 2119 1141 2143; x_wconf 82' lang='lat' dir='ltr'>voce</span> <span class='ocrx_word' id='word_1_256' title='bbox 1171 2110 1440 2143; x_wconf 80' lang='lat' dir='ltr'>clementissima</span> 
     </span>
     <span class='ocr_line' id='line_1_32' title="bbox 237 2159 1405 2204; baseline 0.003 -11"><span class='ocrx_word' id='word_1_257' title='bbox 237 2159 352 2194; x_wconf 89' lang='lat' dir='ltr'>Invisa</span> <span class='ocrx_word' id='word_1_258' title='bbox 378 2160 466 2194; x_wconf 88' lang='lat' dir='ltr'>vidit</span> <span class='ocrx_word' id='word_1_259' title='bbox 493 2160 641 2196; x_wconf 83' lang='lat' dir='ltr'>saeculo.</span> <span class='ocrx_word' id='word_1_260' title='bbox 982 2162 1069 2197; x_wconf 88' lang='lat' dir='ltr'>Mali</span> <span class='ocrx_word' id='word_1_261' title='bbox 1098 2163 1229 2204; x_wconf 86' lang='lat' dir='ltr'>releget</span> <span class='ocrx_word' id='word_1_262' title='bbox 1258 2162 1405 2203; x_wconf 83' lang='lat' dir='ltr'>vincula,</span> 
     </span>
    </p>

    <p class='ocr_par' dir='ltr' id='par_1_16' title="bbox 163 2252 1489 2454">
     <span class='ocr_line' id='line_1_33' title="bbox 163 2252 1423 2297; baseline 0.001 -10"><span class='ocrx_word' id='word_1_263' title='bbox 163 2254 196 2288; x_wconf 84' lang='lat'>3.</span> <span class='ocrx_word' id='word_1_264' title='bbox 238 2252 324 2286; x_wconf 86' lang='lat' dir='ltr'>Tum</span> <span class='ocrx_word' id='word_1_265' title='bbox 354 2253 460 2287; x_wconf 87' lang='lat' dir='ltr'>verba</span> <span class='ocrx_word' id='word_1_266' title='bbox 488 2257 601 2288; x_wconf 87' lang='lat' dir='ltr'>ructat</span> <span class='ocrx_word' id='word_1_267' title='bbox 629 2254 758 2297; x_wconf 83' lang='lat' dir='ltr'>optima</span> <span class='ocrx_word' id='word_1_268' title='bbox 907 2257 940 2291; x_wconf 89' lang='lat'>6.</span> <span class='ocrx_word' id='word_1_269' title='bbox 984 2256 1033 2291; x_wconf 89' lang='lat' dir='ltr'>Ut</span> <span class='ocrx_word' id='word_1_270' title='bbox 1062 2259 1140 2289; x_wconf 86' lang='lat' dir='ltr'>vota</span> <span class='ocrx_word' id='word_1_271' title='bbox 1169 2260 1288 2289; x_wconf 88' lang='lat' dir='ltr'>nostra</span> <span class='ocrx_word' id='word_1_272' title='bbox 1315 2255 1423 2289; x_wconf 86' lang='lat' dir='ltr'>iudici</span> 
     </span>
     <span class='ocr_line' id='line_1_34' title="bbox 237 2303 1393 2349; baseline 0.003 -12"><span class='ocrx_word' id='word_1_273' title='bbox 237 2303 290 2338; x_wconf 89' lang='lat' dir='ltr'>De</span> <span class='ocrx_word' id='word_1_274' title='bbox 316 2304 427 2349; x_wconf 86' lang='lat' dir='ltr'>patris</span> <span class='ocrx_word' id='word_1_275' title='bbox 455 2305 526 2338; x_wconf 89' lang='lat' dir='ltr'>alto</span> <span class='ocrx_word' id='word_1_276' title='bbox 554 2305 637 2349; x_wconf 87' lang='lat' dir='ltr'>filio,</span> <span class='ocrx_word' id='word_1_277' title='bbox 988 2308 1065 2341; x_wconf 90' lang='lat' dir='ltr'>Iesu</span> <span class='ocrx_word' id='word_1_278' title='bbox 1094 2307 1243 2341; x_wconf 84' lang='lat' dir='ltr'>libenter</span> <span class='ocrx_word' id='word_1_279' title='bbox 1271 2307 1393 2342; x_wconf 79' lang='lat' dir='ltr'>offerat</span> 
     </span>
     <span class='ocr_line' id='line_1_35' title="bbox 239 2356 1450 2402; baseline 0.002 -13"><span class='ocrx_word' id='word_1_280' title='bbox 239 2356 339 2398; x_wconf 80' lang='lat' dir='ltr'>Quod</span> <span class='ocrx_word' id='word_1_281' title='bbox 367 2360 477 2391; x_wconf 85' lang='lat' dir='ltr'>exstet</span> <span class='ocrx_word' id='word_1_282' title='bbox 505 2361 585 2390; x_wconf 87' lang='lat' dir='ltr'>ante</span> <span class='ocrx_word' id='word_1_283' title='bbox 609 2361 778 2402; x_wconf 81' lang='lat' dir='ltr'>tempora,</span> <span class='ocrx_word' id='word_1_284' title='bbox 984 2359 1211 2393; x_wconf 86' lang='lat' dir='ltr'>Poscentibus</span> <span class='ocrx_word' id='word_1_285' title='bbox 1241 2362 1275 2392; x_wconf 89' lang='lat' dir='ltr'>et</span> <span class='ocrx_word' id='word_1_286' title='bbox 1303 2359 1450 2402; x_wconf 82' lang='lat' dir='ltr'>gratiam</span> 
     </span>
     <span class='ocr_line' id='line_1_36' title="bbox 238 2407 1489 2454; baseline 0.005 -14"><span class='ocrx_word' id='word_1_287' title='bbox 238 2407 302 2449; x_wconf 78' lang='lat' dir='ltr'>Qui</span> <span class='ocrx_word' id='word_1_288' title='bbox 331 2411 430 2441; x_wconf 88' lang='lat' dir='ltr'>natus</span> <span class='ocrx_word' id='word_1_289' title='bbox 459 2412 511 2441; x_wconf 91' lang='lat' dir='ltr'>est</span> <span class='ocrx_word' id='word_1_290' title='bbox 538 2409 572 2442; x_wconf 90' lang='lat' dir='ltr'>in</span> <span class='ocrx_word' id='word_1_291' title='bbox 601 2413 768 2452; x_wconf 84' lang='lat' dir='ltr'>tempore.</span> <span class='ocrx_word' id='word_1_292' title='bbox 987 2410 1094 2444; x_wconf 89' lang='lat' dir='ltr'>Nobis</span> <span class='ocrx_word' id='word_1_293' title='bbox 1124 2411 1291 2454; x_wconf 83' lang='lat' dir='ltr'>benignus</span> <span class='ocrx_word' id='word_1_294' title='bbox 1320 2409 1489 2446; x_wconf 84' lang='lat' dir='ltr'>conferat.</span> 
     </span>
    </p>
   </div>
   <div class='ocr_carea' id='block_1_7' title="bbox 531 2501 1152 2693">
    <p class='ocr_par' dir='ltr' id='par_1_17' title="bbox 531 2501 1152 2693">
     <span class='ocr_line' id='line_1_37' title="bbox 531 2501 1032 2544; baseline 0 -7"><span class='ocrx_word' id='word_1_295' title='bbox 531 2503 565 2537; x_wconf 87' lang='lat'>7.</span> <span class='ocrx_word' id='word_1_296' title='bbox 607 2502 700 2536; x_wconf 90' lang='lat' dir='ltr'>Deus</span> <span class='ocrx_word' id='word_1_297' title='bbox 729 2505 829 2544; x_wconf 87' lang='lat' dir='ltr'>pater</span> <span class='ocrx_word' id='word_1_298' title='bbox 858 2511 933 2536; x_wconf 90' lang='lat' dir='ltr'>cum</span> <span class='ocrx_word' id='word_1_299' title='bbox 962 2501 1032 2537; x_wconf 86' lang='lat' dir='ltr'>filio</span> 
     </span>
     <span class='ocr_line' id='line_1_38' title="bbox 612 2553 1051 2598; baseline 0 -10"><span class='ocrx_word' id='word_1_300' title='bbox 612 2554 806 2588; x_wconf 88' lang='lat' dir='ltr'>Paraclitus</span> <span class='ocrx_word' id='word_1_301' title='bbox 835 2556 869 2587; x_wconf 90' lang='lat' dir='ltr'>et</span> <span class='ocrx_word' id='word_1_302' title='bbox 896 2553 1051 2598; x_wconf 89' lang='lat' dir='ltr'>spiritus,</span> 
     </span>
     <span class='ocr_line' id='line_1_39' title="bbox 612 2604 1152 2651; baseline 0.004 -13"><span class='ocrx_word' id='word_1_303' title='bbox 612 2604 678 2639; x_wconf 86' lang='lat' dir='ltr'>Est</span> <span class='ocrx_word' id='word_1_304' title='bbox 704 2615 769 2647; x_wconf 89' lang='lat' dir='ltr'>par</span> <span class='ocrx_word' id='word_1_305' title='bbox 796 2604 919 2647; x_wconf 88' lang='lat' dir='ltr'>quibus</span> <span class='ocrx_word' id='word_1_306' title='bbox 947 2605 1152 2651; x_wconf 83' lang='lat' dir='ltr'>sublimitas,</span> 
     </span>
     <span class='ocr_line' id='line_1_40' title="bbox 616 2655 1119 2693; baseline 0.004 -3"><span class='ocrx_word' id='word_1_307' title='bbox 616 2655 687 2690; x_wconf 90' lang='lat' dir='ltr'>Nos</span> <span class='ocrx_word' id='word_1_308' title='bbox 715 2656 880 2690; x_wconf 87' lang='lat' dir='ltr'>adiuvent</span> <span class='ocrx_word' id='word_1_309' title='bbox 907 2656 943 2690; x_wconf 90' lang='lat' dir='ltr'>in</span> <span class='ocrx_word' id='word_1_310' title='bbox 971 2657 1119 2693; x_wconf 88' lang='lat' dir='ltr'>saecula.</span> 
     </span>
    </p>
   </div>
  </div>
 </body>
</html>
