1652 2872
298 117 324 145 A
359 115 386 145 1.
420 115 542 152 Hymni
565 115 603 144 de
625 115 781 152 Tempore
804 113 1005 143 Communes.
1028 129 1069 131 —
1092 114 1196 143 Series
1219 114 1243 142 Ι.
1492 113 1513 148 5

463 277 497 309 2.
532 276 601 308 Die
623 275 816 308 Dominica
839 276 885 307 ad
908 275 1130 308 Nocturnas.

104 375 139 409 1.
182 374 256 408 Rex
284 376 435 415 aeterne,
463 372 623 414 Domine,

178 426 307 459 Rerum
337 428 474 458 creator
501 425 665 465 omnium,

179 477 244 519 Qui
273 486 350 510 eras
378 480 458 510 ante
485 476 625 510 saecula

182 529 328 572 Semper
356 538 431 562 cum
460 534 561 571 patre
588 527 693 571 filius,

127 659 135 667 .
176 632 241 674 Qui
269 631 390 665 mundi
417 631 451 664 in
482 630 675 673 primordio

176 684 291 718 Adam
320 683 503 725 plasmasti
531 683 715 726 hominem,

179 736 241 770 Cui
269 740 350 768 tuae
377 735 537 779 imaginis

176 788 317 822 Vultum
349 787 479 821 dedisti
507 787 677 831 similem3

125 918 133 926 .
174 894 281 934 Quem
311 891 471 925 diabolus
502 891 700 935 deceperat,

174 943 296 977 Hostis
324 943 466 977 humani
495 943 652 988 generis3

176 995 282 1030 Cuius
310 999 348 1028 tu
377 994 525 1029 formam
555 995 713 1038 corporis

175 1049 365 1081 Assumere
394 1047 556 1089 dignatus
585 1057 632 1090 es,

123 1177 131 1184 .
175 1150 226 1186 Ut
253 1150 426 1197 hominem
455 1151 657 1195 redimeres,

174 1203 281 1244 Quem
308 1206 388 1236 ante
416 1202 483 1236 iam
512 1202 762 1245 plasmaveras,

173 1254 220 1288 Et
248 1264 310 1288 nos
338 1254 413 1288 Deo
442 1254 667 1297 coniungeres

174 1307 243 1340 Per
271 1307 384 1340 carnis
413 1306 691 1341 contubernium.

123 1438 130 1444 .
171 1411 281 1453 Quem
312 1410 443 1444 editum
474 1420 515 1445 ex
544 1410 677 1453 virgine

173 1463 334 1496 Pavescit
361 1462 472 1496 omnis
501 1462 627 1505 anima,

175 1515 245 1549 Per
272 1523 373 1557 quem
401 1523 463 1548 nos
492 1524 673 1558 resurgere

175 1566 310 1600 Devota
338 1571 453 1600 mente
482 1567 678 1613 credimus3

123 1697 130 1704 .
173 1669 238 1711 Qui
265 1669 366 1703 nobis
393 1679 457 1712 per
486 1670 696 1712 baptismum

173 1721 322 1755 Donasti
348 1721 613 1765 indulgentiam,

175 1773 242 1816 Qui
268 1774 474 1807 tenebamur
502 1774 650 1808 vinculis

173 1825 290 1869 Ligati
319 1826 568 1870 conscientiae3

122 1955 131 1963 .
173 1929 237 1971 Qui
268 1938 404 1963 crucem
423 1934 570 1972 propter
589 1930 762 1965 hominem

175 1981 359 2024 Suscipere
389 1982 549 2024 dignatus
578 1992 624 2027 es,

174 2033 313 2068 Dedisti
341 2037 437 2067 tuum
463 2035 665 2077 sanguinem

174 2085 325 2119 Nostrae
354 2086 476 2119 salutis
505 2087 670 2129 pretium.

124 2213 132 2221 .
173 2187 263 2222 Nam
281 2187 396 2224 velum
413 2189 535 2232 templi
551 2190 694 2224 scissum
713 2194 766 2224 est

173 2239 222 2273 Et
249 2241 360 2274 omnis
388 2245 484 2275 terra
510 2242 663 2277 tremuit.

175 2291 228 2325 Tu
256 2293 382 2326 multos
413 2293 655 2327 dormientium

175 2343 417 2386 Resuscitasti,
447 2345 607 2378 Domine.

426 2449 484 2484 17.
523 2448 644 2482 Gloria
671 2449 747 2488 tibi,
776 2452 887 2495 pater,

848 373 882 408 9.

823 631 883 666 10.

824 891 882 926 11.

822 1151 882 1185 12.

820 1411 879 1447 13.

819 1672 879 1707 14.

819 1931 879 1967 15.

821 2193 881 2227 16.

524 2499 645 2534 Gloria
673 2501 850 2543 unigenito

524 2552 604 2587 Una
633 2561 708 2586 cum
738 2556 858 2586 sancto
886 2553 1012 2595 spiritu

524 2603 565 2636 In
594 2604 808 2647 sempiterna
835 2605 983 2641 saecula.

926 371 978 405 Tu
1006 372 1115 405 hostis
1143 373 1276 415 antiqui
1305 374 1397 407 vires

926 423 994 457 Per
1023 433 1158 457 crucem
1179 424 1299 458 mortis
1321 429 1516 469 conterens,

927 475 1002 517 Qua
1029 485 1090 509 nos
1119 476 1246 518 signati
1273 475 1446 510 frontibus

926 527 1100 561 Vexillum
1129 526 1212 561 fidei
1241 526 1394 564 ferimus,

926 628 982 665 Tu
1009 630 1107 663 illum
1137 641 1155 663 a
1185 630 1285 664 nobis
1314 640 1453 675 semper

926 682 1113 725 Repellere
1143 682 1352 728 dignaveris,

926 734 980 768 Ne
1009 744 1158 777 unquam
1188 735 1298 777 possit
1326 734 1469 770 laedere

927 787 1142 829 Redemptos
1171 791 1230 820 tuo
1260 786 1436 830 sanguine.

927 891 991 934 Qui
1028 896 1174 934 propter
1210 901 1272 924 nos
1306 891 1351 925 ad
1385 889 1517 924 inferos

925 943 1150 977 Descendere
1181 943 1342 985 dignatus
1371 952 1419 986 es,

924 993 978 1031 Ut
1006 995 1127 1028 mortis
1158 995 1374 1029 debitoribus

925 1047 1027 1081 Vitae
1057 1047 1206 1081 donares
1236 1056 1389 1083 munera.

925 1150 1005 1184 Tibi
1033 1155 1203 1184 nocturno
1232 1154 1388 1193 tempore

923 1202 1098 1245 Hymnum
1139 1201 1306 1236 deflentes
1341 1203 1516 1236 canimus:

924 1255 1068 1297 Ignosce
1096 1254 1207 1294 nobis,
1235 1254 1397 1298 Domine,

926 1307 1071 1349 Ignosce
1101 1306 1358 1350 confitentibus,

920 1411 1008 1452 Quia
1036 1415 1074 1444 tu
1102 1412 1202 1444 testis
1232 1415 1265 1443 et
1297 1411 1403 1446 iudex
1433 1419 1481 1453 es,

923 1464 1031 1505 Quem
1060 1473 1160 1496 nemo
1188 1467 1302 1505 potest
1332 1461 1471 1501 fallere,

923 1514 1066 1549 Secreta
1095 1515 1328 1550 conscientiae

924 1565 1077 1603 Nostrae
1107 1567 1229 1600 videns
1258 1567 1418 1609 vestigia.

924 1670 976 1704 Tu
1004 1675 1199 1704 nostrorum
1229 1675 1408 1712 pectorum

922 1722 1022 1756 Solus
1050 1722 1280 1765 investigator
1309 1731 1357 1765 es,

922 1775 977 1809 Tu
1005 1774 1187 1808 vulnerum
1215 1774 1397 1808 latentium

922 1826 1039 1861 Bonus
1068 1826 1203 1860 assistis
1233 1826 1400 1862 medicus,

921 1930 973 1964 Tu
1002 1940 1050 1972 es,
1080 1930 1138 1973 qui
1167 1934 1263 1964 certo
1291 1935 1448 1972 tempore

922 1982 1076 2016 Daturus
1104 1982 1206 2016 finem
1235 1982 1377 2025 saeculi,

922 2035 975 2069 Tu
1005 2039 1206 2068 cunctorum
1234 2034 1368 2068 meritis

924 2088 1039 2121 Iustus
1069 2091 1309 2121 remunerator
1339 2096 1386 2122 es,

925 2191 974 2225 Te
1003 2201 1094 2236 ergo,
1125 2196 1263 2235 sancte,
1295 2201 1514 2236 quaesumus,

923 2244 973 2279 Ut
1000 2247 1120 2277 nostra
1149 2253 1248 2277 cures
1277 2244 1434 2285 vulnera,

923 2296 986 2336 Qui
1017 2305 1052 2328 es
1083 2305 1159 2328 cum
1186 2300 1298 2339 patre,
1329 2294 1433 2339 filius,

924 2347 1068 2389 Semper
1106 2357 1181 2382 cum
1221 2351 1341 2381 sancto
1375 2347 1511 2390 spiritu.
