1652 2872
106 133 180 169 236
429 132 509 161 Pars
531 133 556 161 Ι.
602 133 720 170 Hymni
743 133 958 171 antiquissimi
983 140 1063 160 saec.
1086 131 1222 160 V.-—XI.

408 232 482 265 205.
518 233 559 264 In
582 242 608 266 s.
632 233 793 266 valerici
816 231 1084 265 Lemovicensis
1107 231 1224 263 Erem-

108 341 140 374 1.
184 339 298 372 Decus
327 344 523 372 sanctorum
552 340 668 374 nobile
853 343 886 375 5.
929 339 1016 373 Nam
1047 338 1127 373 fidei
1157 337 1349 370 constantia

183 391 227 423 Et
257 390 358 424 iubar
387 390 521 435 fulgens
550 392 744 435 splendide,
931 391 1143 426 Daemonum
1174 389 1275 422 vertit
1308 388 1462 432 delubra,

183 441 324 475 Festive
352 442 415 476 tibi
444 443 598 477 carmine
935 443 1093 477 Cadaver
1121 446 1153 474 et
1182 440 1338 474 exanime

186 494 370 536 Pangimus
398 494 519 528 laudes
548 494 713 530 celebres,
937 496 1037 529 Vitae
1066 496 1238 528 restaurat
1265 491 1444 535 pristinae.

106 598 140 631 2.
184 596 259 630 Hac
289 597 343 630 die
372 598 618 642 sacratissima,
854 600 888 632 6.
932 597 1037 632 Cuius
1065 597 1157 630 celsa
1184 595 1351 629 miracula

182 648 276 682 Luce
304 647 447 691 perfusa
476 650 590 694 rutila,
933 649 998 682 Per
1027 648 1120 682 orbis
1148 648 1281 690 pollent
1311 646 1450 680 climata

181 702 255 742 Qua
285 701 388 744 digne
416 701 503 735 caeli
532 701 658 744 gaudia
929 700 1058 734 Salutis
1086 700 1316 734 medicamina

182 753 343 794 Adeptus
372 757 423 786 est
452 752 580 793 felicia,
929 752 1048 786 Omnis
1076 750 1221 786 ferendo
1250 750 1410 794 plurima.

105 856 139 891 3.
181 856 237 890 Ad
266 856 357 890 laeta
385 855 447 889 ivit
475 856 625 901 inclitus,
851 856 885 891 7.
928 856 1016 896 Quin
1044 855 1116 889 eius
1145 864 1244 888 sacer
1272 853 1421 887 tumulus

181 907 356 940 Virtutum
386 907 508 949 plenus
538 908 695 951 caelitus,
929 907 1041 941 Claris
1070 907 1174 940 micat
1205 906 1401 947 virtutibus,

181 959 372 1001 Valericus,
401 959 525 993 eximie
929 958 1095 992 Eiusdem
1124 961 1218 992 tactu
1247 957 1403 1000 languidi

181 1010 332 1045 Caelesti
359 1011 489 1045 micans
518 1011 692 1054 lampade.
929 1010 1053 1044 Fortes
1080 1009 1168 1044 fiunt
1196 1013 1229 1043 et
1259 1009 1377 1044 validi.

104 1116 137 1149 4.
187 1114 250 1155 Qui
280 1114 376 1148 caeni
405 1115 537 1157 sprevit
564 1112 691 1148 florida
852 1114 884 1150 8.
929 1115 1001 1148 Iam
1031 1114 1143 1155 huius⁷
1174 1113 1320 1155 Christe,
1352 1121 1493 1147 munere

181 1166 287 1200 Sacra
316 1170 454 1199 secutus
485 1167 658 1210 dogmata,
930 1166 1115 1209 Culparum
1144 1170 1241 1208 gesta
1269 1165 1373 1210 dilue,

182 1218 363 1260 Signomm
393 1216 501 1260 fulget
531 1219 642 1261 gratia
929 1219 1082 1253 Fautore
1111 1221 1145 1251 te
1174 1217 1312 1260 egregio

179 1269 339 1304 Membra
367 1279 492 1304 sanans
522 1270 662 1306 debilia.
932 1271 1038 1305 Sacro
1066 1268 1222 1304 fruamur
1251 1268 1385 1302 merito.

537 1375 572 1410 9.
614 1374 707 1408 Laus
736 1374 883 1417 genitori
912 1374 1061 1410 Domino

612 1425 663 1460 Sit
691 1435 828 1469 semper
856 1430 961 1469 atque
988 1425 1060 1460 filio

613 1478 658 1512 Et
688 1477 819 1513 flamini
845 1478 1062 1512 sanctissimo

612 1530 733 1565 Honor
763 1534 797 1564 et·
824 1530 994 1567 iubilatio,

185 1644 233 1673 De
265 1644 377 1679 LeviS,
407 1644 572 1673 Anecdota
605 1653 711 1678 sacra,
744 1654 773 1682 p.
806 1641 863 1673 1T3
893 1654 939 1682 sq.
998 1644 1059 1673 Mit
1088 1643 1142 1673 der
1172 1641 1390 1681 Bemerkung:
1423 1641 1532 1679 „nobis

103 1685 340 1723 perhumaniter
362 1687 609 1715 communicavit
632 1686 730 1714 Illms.
756 1689 787 1714 et
809 1687 894 1715 Rms.
918 1687 951 1715 P.
978 1686 1062 1715 Sona
1085 1686 1124 1714 de
1141 1685 1258 1715 Ordine
1275 1685 1530 1714 Cisterciensium

102 1736 140 1754 ex
171 1728 419 1765 congregatione
447 1728 479 1757 S.
510 1728 682 1761 Bel-nardi,
715 1727 814 1756 abbas
844 1727 874 1756 S
904 1728 1028 1756 Mariae
1057 1728 1094 1756 (le
1118 1724 1353 1756 Abundantiaf‘
1388 1741 1425 1745 --
1449 1724 1484 1759 2,
1514 1723 1534 1752 4

101 1768 285 1806 Ademptus.
312 1786 347 1789 Ἠ
380 1767 415 1804 5,
447 1768 466 1797 4
497 1770 593 1798 Vitae
626 1770 777 1798 restituit.
806 1785 839 1788 —
863 1767 898 1800 6,
929 1769 948 1797 4
971 1769 1102 1805 Omnes3
1133 1769 1183 1797 ich
1212 1768 1382 1798 verbinde:
1412 1766 1537 1797 Salutis

101 1811 203 1839 omnis
236 1810 456 1839 medicamina.
479 1826 519 1830 —-
542 1808 579 1846 8,
612 1810 625 1839 1
656 1811 785 1840 Christi.
810 1826 850 1830 —
872 1811 938 1840 Der
968 1812 1132 1849 Hymnus,
1163 1811 1277 1840 dessen
1309 1819 1409 1849 ganze
1439 1809 1531 1838 Form

101 1852 151 1880 ins
174 1850 200 1880 9.
227 1852 302 1881 oder
328 1850 374 1881 10.
396 1852 508 1881 Jahrb.
533 1854 690 1887 verweist‚
715 1852 817 1881 dtirfte
840 1853 882 1881 im
900 1853 1032 1882 Gebiete
1055 1862 1118 1881 von
1134 1850 1299 1890 Limoyes,
1323 1851 1380 1880 auf
1399 1850 1456 1880 das
1479 1850 1534 1878 der

102 1893 219 1922 Kultus
242 1893 345 1923 dieses
369 1895 521 1932 Heiligen
545 1894 739 1923 besehrankt
761 1894 929 1929 erscheiut,
952 1894 1113 1932 gedichtet
1135 1896 1214 1924 sein.

504 2047 578 2080 206.
613 2047 654 2079 In
679 2056 709 2080 s,
734 2047 925 2081 Victoriae
948 2047 990 2080 V.
1016 2048 1053 2079 et
1076 2047 1124 2079 M.

695 2111 750 2140 Ad
774 2112 909 2141 Laude
920 2121 943 2139 s.

109 2206 141 2241 1.
186 2206 320 2238 Assiste
347 2215 438 2239 nunc
466 2205 664 2248 precatibus
853 2207 886 2241 3.
931 2206 975 2240 Ut
1006 2206 1145 2240 Christo
1172 2210 1288 2249 grates
1318 2205 1453 2239 debitas

184 2258 347 2295 Tuorum,
378 2258 487 2299 virgo,
517 2257 723 2299 supplicum,
933 2257 1043 2290 I'ossit
1072 2262 1191 2291 nostra
1221 2257 1395 2300 fragilitas

123 2327 128 2332 -
186 2308 352 2346 Victoria,
381 2308 550 2342 mirabilis
929 2308 1092 2342 Reddere
1119 2309 1157 2342 in·
1183 2308 1346 2342 aetheriis

185 2359 259 2393 Deo
287 2363 390 2402 atque
417 2360 611 2403 placabilis.
931 2360 1105 2394 Associati
1133 2360 1276 2403 angelis.

107 2465 141 2498 2.
185 2464 279 2505 Quae
307 2463 423 2496 mundi
455 2462 553 2496 huius
583 2463 683 2497 noxia
851 2465 886 2500 4.
927 2462 1087 2497 Praestet
1115 2462 1181 2496 hoc
1207 2463 1299 2496 idem
1328 2464 1508 2507 Dominus⁷

185 2514 371 2558 'l'empsisti
399 2518 502 2557 atque
529 2516 654 2557 omnia,
927 2514 991 2556 Qui
1019 2519 1131 2548 exstat
1159 2514 1358 2549 individuus

185 2567 240 2601 Da
269 2566 366 2600 nobis
395 2570 506 2599 tecum
537 2567 708 2610 perpetim
929 2566 1012 2599 Cum
1042 2570 1151 2608 patre.
1183 2570 1301 2600 sancto
1329 2567 1457 2609 spiritu

186 2618 285 2661 Iungi
313 2617 464 2652 aeternis
493 2618 639 2660 gaudiis,
927 2617 1054 2652 Mundi
1082 2622 1162 2651 ante
1190 2617 1410 2662 principium,
