1652 2872
150 131 196 167 12
459 129 538 158 Pars
562 130 587 158 Ι.
631 130 752 167 Hymni
774 131 991 169 antiquissimi
1014 139 1095 159 saec.
1120 130 1260 159 V.——XI.

461 291 494 323 9.
530 291 640 323 Feria
662 291 791 332 quinta
813 293 859 324 ad
881 292 1085 325 Matutinas
1108 293 1262 324 Laudes.

151 388 182 422 1.
225 387 330 432 Deus,
361 387 495 420 aeterni
521 387 663 420 luminis
893 389 929 424 4.
971 388 1024 422 Tu
1051 388 1173 422 mundi
1201 387 1407 421 constitutor
1435 395 1482 428 es,

228 437 368 473 Candor
394 438 651 481 inenarrabilis,
971 439 1023 473 Tu
1046 440 1194 482 septimo
1222 439 1346 472 throno
1374 438 1474 472 sedes

228 489 403 523 Venturus
433 490 501 523 diei
529 490 646 533 iudex,
972 491 1094 536 Iudex,
1124 501 1165 524 ex
1194 490 1265 524 alto
1293 489 1431 523 humilis

227 541 292 583 Qui
320 541 445 575 mentis
473 542 609 575 occulta
634 542 744 583 vides,
970 542 1106 576 Venisti
1134 542 1207 584 pati
1234 551 1298 584 pro
1326 540 1437 575 nobiS.

150 645 185 679 2.
229 644 281 678 Tu
308 653 450 686 regnum
481 644 653 677 caelorum
681 648 778 677 tenes
895 647 929 679 5.
973 645 1026 678 Tu
1053 644 1199 679 sabaoth
1228 644 1458 686 omnipotens,

225 696 273 730 Et
301 700 392 729 totus
419 696 454 729 in
484 695 589 728 verbo
617 699 655 728 tu
682 705 730 739 es,
972 696 1138 730 Hosanna
1165 696 1288 730 summi
1317 694 1488 739 culminis,

227 747 296 781 Per
322 746 429 781 filium
461 752 585 780 cuneta
612 747 716 789 regis,
972 747 1051 780 Tibi
1079 748 1154 781 laus
1183 752 1236 781 est
1263 746 1444 789 mirabilis,

226 798 353 833 Sancto
378 798 518 841 spiritui
546 797 623 831 fons
653 807 700 832 es.
973 798 1025 832 Tu
1053 809 1115 832 rex
1144 799 1286 843 primus,
1315 799 1498 832 anastasis

147 903 182 937 3.
225 901 370 935 Trinum
398 911 535 945 nomen,
564 901 636 934 alta
662 900 761 942 fides,
893 903 928 936 6.
970 901 1023 934 Tu
1050 900 1132 935 fidei
1160 901 1298 935 auditor
1327 911 1362 935 es

225 954 340 989 Unum
368 962 431 995 per
459 953 573 986 omnia
601 956 735 994 potens,
970 952 1017 986 Et
1046 952 1192 986 humiles
1221 958 1258 986 tu
1286 952 1440 998 respicis,

222 1005 421 1047 Mirumque
456 1014 520 1046 per
553 1004 687 1047 signum
717 1003 828 1037 crucis
973 1003 1053 1037 Tibi
1082 1005 1173 1038 altae
1201 1004 1294 1038 sedis
1322 1005 1477 1047 thronus,

225 1057 277 1091 Tu
305 1061 419 1090 rector
447 1057 613 1089 immense
640 1055 740 1091 lucis,
972 1055 1051 1089 Tibi
1082 1055 1218 1089 divinus
1246 1059 1299 1089 est
1327 1055 1447 1090 honor.

524 1159 556 1194 7.
599 1158 738 1193 Christo
766 1161 976 1200 aeternoque
1007 1157 1080 1192 Deo

601 1210 698 1244 Patri
727 1219 804 1243 cum
832 1214 951 1243 sancto
980 1210 1106 1252 spiritu

602 1261 704 1295 Vitae
731 1261 905 1295 solvamus
934 1271 1077 1295 munera

599 1314 631 1347 A
660 1313 806 1347 saeculis
835 1313 870 1347 in
899 1313 1047 1347 saecula.

226 1426 326 1455 Psalt.
358 1430 389 1455 et
413 1427 529 1463 Hymn.
560 1435 616 1454 ms.
648 1426 761 1454 incert.
792 1427 905 1464 origin.
930 1435 1010 1455 saec.
1035 1423 1084 1455 819.
1133 1425 1206 1454 Cod.
1231 1426 1367 1455 Vatican
1389 1426 1502 1464 Regin.
1528 1425 1576 1456 11.

143 1469 179 1497 Α.
204 1484 245 1487 -
268 1468 399 1497 Collect.
429 1472 460 1496 et
482 1468 599 1505 Hynm.
630 1477 687 1495 ms.
711 1467 921 1496 Murbaeense
942 1466 968 1503 (ἶ)
991 1468 1165 1505 Augiense›
1195 1476 1276 1496 saec.
1299 1465 1338 1504 (8.
1363 1468 1405 1503 et)
1427 1465 1454 1497 9.
1500 1468 1575 1498 Cod.

145 1510 300 1539 Oxonien.
332 1509 423 1538 Bodl.
449 1510 519 1538 Iun.
551 1507 599 1537 25.
629 1509 666 1537 B.
697 1525 738 1528 —
769 1509 898 1538 Collect.
929 1513 959 1538 et
988 1509 1105 1546 Hymn.
1137 1519 1192 1538 ms.
1218 1508 1410 1538 Corbeiense
1441 1518 1523 1539 saec.
1547 1508 1574 1539 9.

145 1551 220 1580 Cod.
244 1551 381 1580 Parisin.
409 1548 523 1579 14088.
549 1550 582 1579 C.
605 1566 646 1569 -—
672 1548 698 1585 1,
725 1549 738 1579 1
763 1553 891 1579 aeterne
906 1551 968 1580 BC.
994 1566 1022 1570 —
1055 1548 1083 1585 2,
1110 1549 1122 1578 1
1148 1553 1258 1580 tenens
1276 1550 1308 1579 C.
1331 1566 1372 1570 ———
1394 1549 1422 1585 2,
1444 1549 1464 1580 3
1486 1560 1576 1590 reges

143 1594 180 1622 A.
204 1609 243 1612 —
267 1591 295 1628 2,
319 1591 339 1621 4
363 1592 472 1621 Sancti
496 1591 592 1621 ABG:
617 1592 750 1629 spiritus
774 1593 810 1627 B,
834 1593 950 1630 spiritu
973 1592 1007 1621 C.
1030 1608 1071 1611 —
1093 1590 1122 1627 3,
1148 1591 1162 1620 1
1188 1593 1253 1621 alta
1277 1592 1363 1621 vides
1383 1593 1420 1621 A.
1443 1608 1484 1612 —-
1505 1590 1535 1628 3,
1557 1590 1577 1621 2

144 1637 234 1673 potes
265 1635 310 1670 A,
344 1633 525 1672 vergleiche
558 1630 671 1669 „Deus
706 1632 764 1670 qui
795 1632 877 1662 caeli
909 1631 1013 1662 lumen
1046 1632 1096 1662 es“
1127 1634 1194 1668 (Nr.
1224 1632 1255 1669 5)
1283 1632 1318 1667 5,
1353 1632 1372 1663 3
1401 1644 1431 1663 u.
1464 1632 1577 1671 „Deus

146 1677 272 1706 creator
295 1673 460 1704 oulnl‘zmz“
485 1674 589 1707 (Anal.
614 1675 731 1712 Hymn.
755 1675 797 1710 L,
820 1685 849 1713 p.
876 1673 923 1710 13)
947 1673 975 1711 8,
999 1674 1026 1705 3.
1050 1690 1090 1695 ——
1113 1673 1141 1711 3,
1165 1674 1185 1705 3
1207 1684 1262 1714 per
1284 1674 1364 1704 fehlt
1386 1675 1419 1705 C.
1442 1693 1483 1697 —
1505 1674 1534 1711 4,
1560 1674 1574 1704 1

145 1718 300 1746 constitor
323 1718 357 1746 B.
381 1734 421 1737 —
443 1715 477 1751 4,
508 1714 527 1745 2
549 1717 597 1745 Tu
619 1717 652 1744 in
677 1718 811 1755 septimo
836 1718 879 1751 A;
909 1727 948 1746 zu
970 1717 1090 1746 diesem
1112 1717 1368 1754 merkwiirdigen
1390 1717 1578 1746 Ausdmcke

143 1758 325 1797 vergleiche
349 1758 399 1788 die
422 1758 574 1787 Fussnote
601 1759 634 1786 in
657 1759 739 1787 Anal
774 1759 891 1796 Hymn.
913 1758 1048 1795 XXVII,
1073 1756 1121 1787 70.
1144 1775 1185 1778 —
1206 1757 1235 1792 4,
1260 1756 1278 1786 4
1300 1759 1385 1796 parti
1407 1769 1464 1797 pro
1481 1759 1515 1788 C.
1538 1774 1576 1778 —-

145 1799 180 1835 5,
210 1799 230 1828 4
258 1802 361 1838 prima
382 1800 418 1828 A.
442 1816 480 1819 —
505 1798 540 1834 6,
568 1797 587 1828 3
617 1799 684 1828 alta
707 1800 796 1830 sedes
820 1800 863 1835 A,
894 1800 960 1829 alta
987 1799 1071 1829 sedis
1094 1800 1127 1829 C.
1151 1815 1190 1820 ——
1214 1799 1250 1835 7,
1283 1798 1297 1828 l
1321 1801 1456 1838 Tibique
1479 1801 1515 1830 B.
1537 1816 1577 1819 ——

146 1841 183 1877 7,
214 1840 233 1871 3
264 1842 354 1870 solva
381 1850 513 1870 munera
538 1840 570 1869 C.
594 1856 634 1860 -—
656 1841 845 1880 Vergleiche
873 1841 924 1870 die
947 1842 1029 1870 Note
1052 1851 1124 1870 zum
1146 1843 1293 1880 Hymnus
1319 1841 1473 1879 „Aeterne
1494 1840 1578 1871 lucis

146 1881 315 1913 conditor“
340 1883 406 1917 (ΝΥ.
431 1881 459 1918 7)
481 1892 511 1911 u.
535 1883 628 1911 Anal.
650 1883 767 1920 Hymn.
791 1883 926 1918 XXVII,
955 1881 1003 1912 70.
1026 1899 1068 1903 -
1089 1884 1174 1912 Titel
1197 1885 1231 1912 in
1252 1883 1296 1912 A:
1330 1884 1428 1921 „Item
1449 1883 1579 1912 himnus

147 1925 227 1954 feria
250 1926 363 1963 quinta
385 1920 573 1959 dieendus;“
600 1924 633 1952 iu
656 1924 696 1953 C:
723 1925 809 1963 „Fen
829 1925 858 1954 V
881 1925 930 1954 ad.
953 1922 1047 1954 mat.“

459 2099 511 2130 10.
546 2098 657 2130 Feria
680 2098 788 2131 sexta
811 2098 857 2129 ad
881 2098 1084 2130 Matutinas
1107 2098 1262 2131 Laudes.

178 2194 212 2230 1.
251 2193 399 2235 Christe,
429 2193 516 2227 caeli
544 2193 702 2238 Domine,
922 2195 956 2228 3.
1000 2194 1053 2227 Tu
1081 2193 1224 2228 verbum
1251 2195 1363 2237 patris
1392 2195 1536 2237 aeterni,

254 2245 379 2279 Mundi
407 2245 560 2278 salvator
588 2245 748 2286 maxime,
999 2245 1067 2280 Ore
1097 2245 1214 2280 divino
1243 2246 1367 2291 editus,

253 2296 318 2338 Qui
347 2306 408 2329 nos
437 2297 549 2330 crucis
578 2305 718 2330 munere
999 2297 1093 2331 Deus
1122 2308 1164 2331 ex
1194 2297 1267 2331 Deo
1295 2298 1500 2343 subsistens,

254 2347 379 2382 Mortis
408 2348 542 2381 solvisti
573 2347 717 2390 legibus.
1000 2349 1208 2391 Unigenitus
1235 2348 1340 2387 filius,

181 2453 215 2486 2.
258 2450 307 2484 Te
332 2459 423 2483 nunc
451 2454 589 2483 orantes
618 2450 802 2497 poscimus,
927 2453 961 2485 4.
1005 2451 1054 2484 Te
1082 2451 1243 2485 universa
1272 2455 1431 2486 creatura

255 2503 331 2537 Tua
359 2511 542 2534 conserves
571 2511 723 2546 munera,
1003 2503 1127 2536 Mundi
1156 2501 1286 2536 fatetur
1314 2503 1511 2548 Dominum⁷

259 2554 352 2595 Quae
389 2562 452 2595 per
485 2553 595 2595 legem
630 2553 834 2588 catholicam
1004 2554 1103 2587 Iussu
1130 2553 1241 2595 patris
1268 2553 1442 2596 inchoata,

261 2604 403 2639 Cunctis
434 2604 570 2638 donasti
599 2604 768 2646 gentibus.
1004 2604 1087 2637 Tuis
1113 2604 1271 2646 perfecta
1299 2604 1442 2641 viribuS.
