1652 2872
146 142 219 179 332
510 141 588 170 Pars
611 141 654 171 Π.
699 142 883 180 Hymnodia
908 139 1198 170 Hiberno-Celtiea.

529 271 636 303 2481».
671 271 802 306 Oratio
827 272 873 306 ad
895 279 926 304 s,
950 269 1180 302 Michaelem.

174 369 204 402 1.
250 367 374 401 Unitas
403 367 438 400 in
466 367 633 407 trinitate,
917 369 950 404 7.
993 367 1094 401 Hunc
1123 372 1299 406 rogemus,
1334 361 1547 396 truculentas

299 422 333 451 te
362 428 556 463 precamur,
587 420 735 462 domine,
1045 421 1083 451 ut
1110 418 1246 450 avertat
1274 413 1407 456 species

249 469 297 503 Ut
324 479 386 504 nos
415 480 553 513 semper
579 472 699 505 trahas
727 471 772 504 ad
792 475 826 503 te
994 468 1129 504 Inimici
1158 471 1192 500 et
1219 475 1281 500 uos
1310 465 1424 509 ducat,

301 521 429 564 desque
457 526 538 557 vota
565 522 724 558 reddere.
1047 520 1105 554 ubi
1135 528 1217 553 vera
1245 516 1391 560 requies.

170 626 205 659 2.
248 624 324 671 Via,
354 625 484 659 veritas
513 628 547 658 et
575 625 656 670 vita,
919 626 953 660 8.
996 624 1150 659 Adiuvet
1176 632 1239 656 nos
1268 622 1407 655 sanctus
1434 619 1501 653 iste

300 677 504 719 principalis
529 678 674 719 puritas,
1050 675 1171 709 diebus
1199 683 1240 708 ac
1267 671 1426 706 noctibus

248 729 357 762 Parce
385 728 484 762 nobis
512 729 705 762 relaxando
996 727 1043 761 Et
1070 737 1133 761 nos
1161 731 1269 769 ponat
1295 725 1330 758 in
1359 723 1519 766 supernis

299 790 428 823 poenas
458 780 569 822 culpis
599 780 746 814 debitas.
1049 779 1237 812 electorum
1267 776 1420 812 sedibus

171 886 204 918 3.
247 883 378 917 Nostra
405 892 485 926 spes
513 883 548 916 in
577 882 734 916 trinitate
918 884 953 918 9.
996 882 1152 925 Angelus
1180 881 1237 914 hic
1264 879 1472 923 intercedat,

299 936 344 968 sit
372 939 405 968 et
433 945 501 969 non
529 935 563 968 in
594 934 730 968 homine
1049 933 1189 967 adiutor
1216 931 1423 975 probabiliS,

246 988 486 1030 Angelumque
516 987 753 1029 deprecemur,
997 987 1064 1020 Pro
1092 985 1212 1027 nobiS‚
1251 985 1309 1027 qui
1336 993 1452 1018 sumus
1479 984 1575 1026 pravi

298 1039 505 1074 Michaelem
534 1039 680 1083 nomine,
1048 1041 1127 1072 actu
1156 1041 1258 1080 atque
1288 1035 1441 1081 fragiles.

173 1146 207 1179 4.
251 1144 299 1178 Ut
327 1145 373 1177 sit
399 1144 522 1177 obvius
551 1153 592 1177 ac
619 1143 744 1176 missus
899 1142 958 1177 10.
1000 1141 1146 1176 Sanctus
1175 1142 1241 1175 iste
1269 1151 1331 1174 nos
1361 1139 1527 1174 defendat

300 1195 400 1230 nobis
428 1196 493 1230 Dei
523 1204 664 1229 munere
1052 1203 1189 1238 semper
1217 1193 1287 1227 suis
1317 1192 1459 1233 viribus,

250 1249 346 1283 Hora
374 1249 487 1282 exitus
517 1249 560 1282 de
587 1247 658 1281 vita
1000 1247 1052 1280 Ne
1079 1257 1142 1280 nos
1170 1245 1299 1279 mundo
1329 1244 1535 1279 decedentes

301 1301 368 1334 ista
396 1305 500 1344 atque
528 1309 685 1342 corpore.
1051 1300 1292 1341 opprimamur
1318 1296 1486 1332 hostibus,

171 1408 208 1441 5.
251 1405 304 1439 Ne
333 1415 394 1439 nos
425 1405 529 1438 ducat
556 1404 591 1438 in
621 1414 775 1438 amarum
895 1404 954 1439 11.
999 1403 1146 1437 Sanctus
1177 1401 1320 1436 Gabriel
1349 1402 1500 1443 assistat,

300 1458 458 1491 minister
485 1456 639 1500 inergiae
1051 1454 1209 1497 Raphael
1238 1457 1273 1487 et
1301 1454 1421 1497 ceteri,

250 1510 329 1552 Ipse
357 1509 521 1553 princeps
550 1508 771 1542 tenebrarum
999 1507 1047 1542 Ut
1074 1518 1093 1541 a
1122 1506 1221 1542 malis
1249 1506 1439 1540 liberemur

300 1566 403 1605 atque
431 1571 492 1605 pes
521 1561 718 1604 superbiae,
1051 1563 1085 1593 et
1113 1571 1133 1594 a
1161 1559 1272 1604 portis
1301 1557 1417 1594 inferi.

171 1668 205 1702 6.
247 1666 470 1701 Adiutorium
499 1669 678 1700 succurrat
896 1664 953 1701 12.
997 1665 1155 1699 Omnium
1185 1667 1382 1697 sanctorum
1412 1662 1510 1696 nobis

301 1718 453 1753 Michael
481 1718 680 1761 archangeli
1049 1720 1193 1750 exorent
1220 1714 1394 1758 suffragia,

247 1771 325 1805 Hac
352 1771 387 1805 in
415 1771 511 1813 hora,
543 1780 610 1813 qua
629 1769 830 1813 gaudebunt
998 1770 1049 1804 Ut
1076 1769 1314 1812 possideamus
1339 1768 1421 1802 laeti

300 1823 382 1857 iusti
410 1827 514 1865 atque
541 1823 667 1865 angeli,
1051 1821 1207 1865 paradisi
1235 1821 1371 1864 gaudia.

497 1928 555 1963 13.
599 1927 720 1962 Gloria
747 1927 794 1960 sit
820 1936 959 1970 semper
986 1926 1061 1961 Deo

649 1980 741 2022 patri
770 1984 874 2022 atque
901 1978 974 2013 filio

601 2031 768 2074 Aequalis
797 2032 842 2065 sit
869 2031 1114 2074 pneumatique

649 2084 724 2117 laus
753 2087 787 2116 et
814 2082 985 2118 iubilatio.

231 2185 375 2213 Oration.
406 2195 461 2213 ms.
494 2185 733 2214 Lunaelaeense
763 2187 838 2213 anni
872 2182 960 2213 1460.
1007 2184 1082 2216 Cod,
1112 2184 1334 2213 Vindobonen.
1364 2180 1456 2212 4089.
1479 2181 1516 2211 A.
1539 2195 1573 2202 -

147 2226 291 2255 Oration.
316 2235 371 2254 ms.
397 2226 427 2254 S.
451 2226 538 2254 Petri
563 2226 818 2264 Salisburgensis
849 2227 924 2254 anni
949 2223 1038 2255 1470.
1085 2226 1161 2255 Cod.
1186 2226 1303 2254 Petrin.
1328 2226 1357 2254 b.
1381 2225 1443 2254 Vll
1468 2221 1514 2252 10.
1536 2224 1572 2252 B.

147 2282 185 2287 —
209 2267 356 2296 Oration.
377 2276 433 2298 ms.
454 2267 651 2305 Tegurinum
675 2268 750 2296 anni
777 2265 864 2296 1470.
903 2267 980 2296 Chu.
998 2267 1163 2296 Monacen.
1187 2265 1305 2298 20020.
1322 2267 1356 2296 C.
1376 2282 1415 2286 -—-
1430 2266 1573 2294 Oration.

147 2318 203 2338 ms.
237 2309 432 2346 Tegurinum
467 2310 542 2336 anni
578 2306 666 2337 1476.
727 2309 805 2337 clm.
841 2309 1007 2337 Monacen.
1041 2306 1159 2338 20001.
1194 2309 1232 2338 D.
1266 2324 1304 2327 -
1339 2309 1481 2337 Oration.
1516 2316 1572 2335 ms.

146 2350 342 2388 Tegurinum
367 2351 442 2378 anni
470 2347 556 2378 1490.
601 2349 679 2378 Cim.
704 2350 868 2380 Monaeen.
896 2348 1008 2379 19824.
1032 2351 1068 2379 Ε.
1092 2366 1127 2370 -
1160 2349 1184 2384 l,
1207 2348 1226 2379 2
1241 2350 1286 2378 Te
1309 2350 1515 2387 deprecamur
1537 2349 1571 2378 Β.

148 2408 188 2411 «-
210 2389 247 2426 2,
280 2389 294 2420 1
319 2391 381 2419 Eia
404 2391 523 2419 veritas
547 2390 606 2419 BC.
631 2407 669 2411 -—
693 2389 728 2426 2,
752 2390 771 2420 3
793 2392 854 2420 Per
876 2395 907 2420 te
928 2392 1021 2420 nobis
1044 2391 1081 2420 E.
1105 2408 1145 2413 ——
1167 2389 1196 2427 3,
1222 2391 1234 2419 1
1260 2394 1295 2419 in
1316 2394 1347 2420 te
1369 2391 1487 2420 factore
1512 2390 1571 2419 Bc.

148 2449 188 2453 --
211 2430 247 2466 3,
277 2430 297 2461 3
318 2432 523 2469 deprecamur
546 2432 639 2461 BCD.
662 2448 703 2452 —-
725 2431 760 2468 5,
787 2431 806 2462 2
829 2435 980 2471 magister
1003 2434 1037 2461 B.
1061 2449 1100 2452 —
1123 2431 1152 2467 6,
1175 2431 1194 2461 2
1217 2432 1385 2461 Michaelis
1408 2432 1513 2471 angeli
1535 2432 1572 2460 A.

148 2491 187 2494 -
211 2472 239 2510 6,
263 2471 282 2502 2
305 2482 373 2511 sqq.
397 2476 495 2507 tuum,
519 2477 627 2502 sancte
643 2474 790 2511 Michael,
811 2473 816 2511 Ι
836 2475 949 2503 Mortis
971 2473 1059 2507 hora,
1084 2483 1147 2512 qua
1171 2478 1347 2511 pavescunt
1366 2472 1370 2512 Ι
1390 2477 1572 2512 peccatores

148 2516 265 2545 Ismael
288 2515 351 2544 BC.
375 2530 414 2532 —
437 2514 473 2549 6,
503 2512 522 2543 3
546 2517 579 2543 in
602 2515 679 2544 fehlt
701 2515 738 2544 E.
763 2531 802 2536 --
825 2514 859 2551 6,
889 2515 909 2545 4
937 2516 1099 2545 beatorum
1123 2515 1240 2553 singuli
1265 2516 1300 2543 A.
1324 2531 1364 2534 —
1386 2514 1415 2549 7,
1444 2514 1457 2543 l
1482 2515 1572 2543 Tunc

148 2566 296 2595 rogamus
318 2557 380 2585 BC.
404 2571 443 2575 ——
467 2555 503 2590 7,
528 2554 542 2584 1
568 2566 614 2593 sq.
636 2560 671 2585 ut
693 2556 838 2593 avertat!
860 2557 1055 2586 truculentas
1077 2556 1115 2585 E.
1139 2572 1178 2576 ——
1203 2554 1229 2591 7,
1254 2554 1273 2584 2
1296 2560 1331 2584 ut
1353 2560 1479 2585 avertas
1503 2556 1570 2591 BC3

148 2599 244 2627 facies
265 2598 315 2635 (st.
339 2598 474 2636 species)
497 2598 531 2626 B.
555 2614 583 2617 ——
617 2596 651 2632 7,
678 2595 697 2626 3
720 2598 816 2627 ducas
840 2599 902 2627 BC.
927 2614 963 2617 —-
990 2596 1018 2631 8,
1044 2597 1057 2626 1
1083 2598 1208 2626 Adiuva
1230 2606 1288 2626 nos
1312 2608 1329 2626 0
1353 2602 1484 2636 patrone
1508 2597 1570 2626 BC.

148 2652 174 2659 -ν
211 2637 239 2675 8,
263 2638 281 2669 3
297 2639 341 2669 Ut
357 2638 400 2675 A3
423 2647 505 2676 pone
522 2639 585 2668 BC.
610 2654 649 2658 —
671 2636 700 2673 8,
724 2636 743 2667 3
766 2648 812 2677 sq.
828 2639 871 2668 Et
893 2640 1065 2678 coniungat
1080 2642 1153 2676 post
1166 2638 1248 2668 hanc
1262 2640 1362 2668 vitam
1381 2643 1386 2675 l
1405 2641 1571 2670 beatorum
