1652 2872
117 127 191 165 200
428 128 508 159 Pars
530 129 555 160 Ι.
598 131 718 169 Hymni
740 132 955 171 antiquissimi
979 141 1060 161 saec.
1084 131 1220 160 V.—XI.

117 234 184 261 Deo
207 234 287 270 patri
313 234 355 261 sit
376 230 524 271 [gloria];
547 234 592 262 K:
618 235 743 271 Gloria,
768 236 795 265 E
819 236 1030 273 vollstiindig:
1053 235 1163 264 Gloria
1178 233 1237 262 tibi
1254 234 1389 262 Domine
1409 231 1412 269 j
1432 232 1543 261 Gloria

115 275 278 311 unigenito
299 272 303 311 1
324 274 397 303 Una
424 283 494 303 cum
524 279 634 305 saneto
665 278 779 315 spiritu
799 276 803 312 Ι
823 279 859 307 In
891 279 1084 315 sempiterna
1109 275 1245 304 saecula.
1267 289 1308 294 -
1332 273 1415 302 Titel
1438 274 1472 302 in
1494 273 1541 301 A:

117 316 299 351 „Hymnum
323 317 424 344 sancti
447 315 615 351 Martini“‚
640 319 671 346 in
696 320 747 347 BC
773 320 936 356 „Hymnus
959 319 1059 347 sancti
1082 315 1242 346 Martini.“

198 356 287 384 Auch
312 356 388 392 hier,
412 359 473 385 wie
495 358 594 386 sehon
616 360 704 395 oster,
729 362 770 388 ist
792 361 843 389 die
866 362 1075 389 interessante
1092 357 1321 395 Beobachtung
1343 366 1382 384 zu
1399 355 1540 390 macheu,

114 398 172 425 wie
204 399 255 426 ein
284 398 602 428 Alt-Mailssiudischer
630 401 775 438 Hymnus
806 403 837 430 iu
867 401 918 430 (lie
941 398 1171 430 Cistercienser
1191 399 1341 427 Breviere
1364 397 1540 426 Aufnahme

114 438 198 467 fund.
221 455 260 458 ——
285 440 345 468 Die
368 440 535 469 Kollation
558 450 620 470 von
643 443 679 476 A,
703 443 821 471 welche
845 442 896 471 ich
919 443 968 472 bei
994 443 1127 471 meinem
1151 439 1337 469 Aufenthalt
1359 440 1392 467 in
1416 439 1541 467 Verona

113 480 290 509 iibersehen
312 481 408 516 hatte,
434 482 579 520 besorgte
603 484 725 521 giitigst
750 484 829 520 Msg.
854 484 891 512 A.
915 483 1085 522 Spagnolo,
1109 483 1253 511 Praefect
1274 481 1329 509 der
1349 480 1430 510 Bibl.
1447 480 1539 518 Capi-

111 521 222 550 tolare.

448 697 521 730 177.
556 697 597 729 In
620 706 651 729 s.
678 697 830 729 Martini
853 697 981 729 Martii
1005 696 1200 729 Eremitae.

578 772 759 809 Hymnus
782 771 891 800 Petri
915 772 1104 800 Diaconi.

296 907 444 941 Vocibus
472 906 643 950 organicis
671 906 826 940 Martino
853 905 994 948 psallite
1021 906 1126 948 patri,

345 959 446 992 Hunc
475 958 627 1000 laudate,
657 958 764 998 chori,
794 957 936 992 vocibus
965 958 1149 1000 organicis.

294 1010 452 1044 Praetica
481 1010 676 1053 despiciens
704 1009 762 1043 hic
790 1010 895 1044 vitam
925 1009 1023 1043 duxit
1052 1010 1243 1049 honestam,

346 1062 413 1095 Hic
441 1060 507 1095 fuit
536 1065 569 1095 et
598 1061 764 1105 prudens,
795 1061 951 1104 practica
981 1061 1190 1104 despiciens,

238 1116 258 1148 5
289 1114 422 1147 Carnea
450 1113 605 1147 membra
632 1113 734 1148 nimis
763 1113 915 1156 spiratus
943 1117 1058 1147 mente
1086 1113 1252 1154 domavit,

342 1164 532 1208 Affligebat
563 1165 652 1199 enim
683 1175 809 1199 carnea
837 1165 993 1200 membra
1019 1166 1132 1199 nimis.

292 1217 423 1251 Montis
452 1222 527 1251 erat
555 1217 688 1252 loculus
717 1217 831 1251 loculo
862 1216 999 1252 felicior
1026 1217 1131 1259 omni,

344 1270 416 1312 Quo
445 1268 510 1303 fuit
538 1269 714 1314 inclusus3
743 1270 870 1303 montis
899 1274 975 1304 erat
1002 1269 1145 1305 loculus.

295 1321 420 1366 „Alter
447 1322 575 1355 amicus
604 1321 693 1355 erit“
725 1325 807 1355 tunc
835 1322 885 1355 sic
915 1322 1079 1356 divinitus
1108 1322 1227 1367 audit3

206 1374 253 1408 10
339 1373 426 1418 „His
453 1378 491 1407 tu
518 1383 625 1416 parce
653 1373 750 1410 locis.
779 1373 869 1408 alter
896 1374 1025 1408 amicus
1054 1373 1131 1408 erit.

286 1424 435 1460 Sedibus
461 1429 564 1469 atque
592 1425 677 1460 locis
706 1430 843 1460 maneat
871 1426 1081 1460 Benedictus
1109 1425 1144 1459 in
1173 1426 1260 1463 istis,

339 1477 382 1511 Se
410 1477 573 1512 retinebit
601 1478 635 1511 in
661 1477 715 1511 his
743 1477 884 1512 sedibus
912 1482 1014 1521 atque
1042 1478 1139 1514 lociS.

285 1529 458 1564 Marsicus
487 1534 539 1564 est
566 1539 701 1574 quoque
727 1540 837 1574 monS,
866 1540 931 1573 quo
960 1536 997 1564 tu
1025 1539 1216 1574 properare
1245 1530 1387 1572 iuberis,

337 1583 409 1625 Quo
435 1580 519 1625 figes
547 1592 714 1625 gressum,
744 1582 916 1616 Marsicus
945 1586 996 1616 est
1023 1592 1158 1625 quoque
1188 1581 1319 1618 mons.“

206 1635 251 1668 15
283 1633 436 1668 Marsica
463 1634 542 1677 iuga
571 1634 665 1668 subit
693 1634 867 1668 Martinus
895 1634 946 1668 sic
975 1644 1109 1677 quoque
1137 1636 1275 1677 montis,

335 1686 514 1729 Angelicis
542 1687 681 1720 monitis
709 1687 862 1721 Marsica
890 1687 969 1729 iuga
997 1686 1102 1721 subit.

284 1738 394 1782 Rupis
423 1738 457 1772 in
487 1739 610 1781 exiguo
638 1738 689 1772 sic
719 1740 853 1772 demum
883 1749 920 1772 se
950 1739 1043 1773 locat
1070 1743 1170 1773 antro

336 1790 545 1824 Coniunctus
572 1791 720 1824 Domino
749 1792 845 1834 rupis
875 1792 909 1824 in
939 1791 1074 1835 exiguo.

283 1843 438 1885 Tumque
465 1843 590 1886 pedem
621 1842 771 1885 religans
801 1842 893 1877 ferro
924 1844 1078 1886 duraque
1106 1848 1238 1886 catena,

204 1896 249 1929 20
332 1894 379 1929 Ut
409 1904 445 1928 se
473 1896 689 1939 constringat
717 1899 857 1938 tumque
885 1896 1009 1938 pedem
1039 1895 1201 1941 religans,

283 1947 339 1980 lre
368 1953 490 1981 catena
514 1952 627 1989 vetat3
658 1948 708 1981 sic
735 1950 781 1989 te,
810 1949 964 1982 Martine
993 1957 1131 1982 coerces

335 1999 418 2041 Igne
446 1999 512 2033 Dei
543 1998 702 2042 fervens3
731 1999 782 2033 ire
811 2003 933 2033 catena
963 2004 1066 2035 vetat.

284 2050 352 2084 Sed
381 2054 481 2093 pater
509 2051 585 2094 ipse
613 2051 691 2093 pius
721 2051 800 2084 dum
830 2052 981 2095 percipit
1008 2051 1093 2085 haec
1121 2052 1344 2094 Benedictus,

334 2102 476 2136 Solvere
502 2103 616 2136 vincla
644 2102 739 2136 iubet
767 2103 828 2136 sed
858 2108 958 2144 pater
985 2103 1061 2144 ipse
1089 2105 1178 2146 pius.

201 2155 246 2187 25
282 2153 449 2198 „Vincula
475 2154 577 2197 iunge
605 2154 668 2187 tibi
697 2163 763 2187 non
793 2153 887 2198 ferri,
917 2155 978 2187 sed
1007 2165 1104 2197 mage
1132 2155 1276 2198 Christi,

336 2204 536 2238 Constantis
566 2204 645 2239 fidei
675 2206 812 2239 vincula
840 2206 941 2247 iunge
970 2206 1069 2242 tibi,“

282 2255 369 2288 Tum
398 2257 508 2298 patris
536 2257 680 2299 imperio
711 2257 891 2290 Benedicti
920 2257 1057 2291 vincula
1085 2258 1202 2299 solvit,

336 2306 378 2340 Se
405 2308 509 2341 solvit
537 2307 630 2342 ferro
658 2312 729 2341 tum
757 2308 868 2350 patris
896 2309 1053 2350 imperio,

283 2358 310 2391 O
337 2359 395 2400 pie
423 2359 477 2392 vir
505 2359 654 2398 Domini,
685 2360 818 2393 solvisti
850 2359 985 2393 vincula
1014 2358 1110 2404 ferri,

203 2411 249 2444 30
330 2410 453 2444 Vincla
482 2410 547 2444 Dei
575 2412 698 2454 iungis,
728 2421 748 2445 o
776 2411 832 2454 pie
861 2411 913 2444 vir
941 2410 1091 2447 Domini.

285 2461 411 2502 Vipera
440 2466 473 2494 te
503 2461 640 2505 refugit,
673 2464 752 2496 dum
784 2464 941 2496 dextram
970 2463 1119 2505 porrigis
1147 2465 1211 2503 ori,

334 2513 424 2554 Stas‚
453 2523 543 2550 oras.
574 2514 705 2556 psallis,
735 2515 856 2557 vipera
885 2519 918 2547 te
946 2512 1086 2555 refugit.

283 2563 345 2603 Tu,
376 2564 479 2598 decus
509 2566 681 2609 eximium,
712 2566 834 2609 vineis⁷
863 2565 1026 2607 Martine,
1058 2565 1237 2599 colubrum

335 2615 381 2649 Et
409 2615 518 2649 vincis
547 2616 719 2659 zabulum,
749 2620 785 2651 tu
815 2617 919 2650 decus
948 2616 1123 2651 eximium.
