1652 2872
123 1764 186 1800 10.

130 2265 189 2300 11.

607 131 632 159 Ι.
666 130 714 159 De
739 130 806 158 Deo
829 131 860 157 et
882 128 920 157 de
943 129 1052 158 Beata.

227 235 412 281 Gignendo
440 240 540 280 pater
566 234 762 278 appellatus

226 290 363 326 Prolem
395 299 437 324 ex
465 298 502 323 se
525 286 644 331 prodit
662 286 802 327 almum,

226 341 331 378 Cuius
357 345 438 376 ante
465 348 565 375 omne
592 341 728 380 tempus

227 393 304 429 Una
333 396 368 427 et
396 402 460 436 par
487 394 539 425 est
567 390 740 425 maiestas.

315 520 712 534 .......

316 572 712 583 ιιιιιιι

226 742 342 778 Homo
370 742 529 778 Christus
558 742 764 776 humanatus

224 795 277 830 De
305 794 431 837 spiritu
460 797 494 827 et
522 794 655 838 virgine

226 847 291 881 Dei
319 846 432 889 patris
461 856 535 880 esse
563 846 673 889 prolis

224 899 302 934 Non
331 899 442 933 sancti
462 899 605 942 spiritus
625 898 801 939 creditum

225 949 342 985 Homo
371 960 412 984 ex
440 961 529 994 aqua
558 954 698 984 renatus

225 1003 337 1037 Natus
364 1012 474 1046 aquae
502 1013 570 1037 non
600 1002 739 1044 dicitur,

225 1055 295 1089 Sed
323 1054 389 1088 Dei
419 1055 529 1098 patris
559 1064 634 1088 esse
663 1054 772 1096 prolis

224 1108 270 1142 Et
298 1107 421 1141 matris
449 1106 628 1143 ecclesiae.

225 1251 328 1288 Idem
358 1252 502 1296 virginis
533 1251 634 1295 filius,

225 1305 322 1339 Idem
351 1304 409 1348 qui
437 1304 504 1338 Dei
531 1308 584 1338 est
612 1304 715 1348 filius,

227 1357 308 1392 Sine
338 1355 477 1390 defectu
504 1355 650 1391 alterius

226 1410 420 1452 Utrumque
447 1418 535 1443 unus
561 1409 669 1444 Iesus.

226 1459 312 1504 Ipse
340 1461 498 1496 Christus
526 1469 630 1495 carne
657 1463 770 1503 natus,

227 1513 275 1548 Ut
304 1512 411 1547 ceteri
440 1513 554 1547 cuncti
585 1512 670 1557 nati,

225 1565 265 1598 In
295 1568 430 1608 natura,
460 1575 527 1599 non
555 1567 710 1611 peccato,

229 1617 312 1651 Sine
341 1617 485 1651 crimine
513 1620 628 1651 castus
656 1620 769 1654 natus.

228 1762 351 1806 Kaput
361 1766 516 1797 nostrum
528 1762 687 1798 Christus
699 1763 805 1807 Deus,

228 1815 368 1857 Nosque
395 1825 513 1849 omnes
542 1815 614 1849 eius
638 1815 805 1859 membra,

227 1867 264 1902 Si
292 1867 399 1910 capiti
427 1868 679 1902 concordantes

230 1918 382 1962 Spiritus
410 1929 471 1953 nos
501 1919 641 1953 Christo
669 1920 790 1964 iungit.

227 1971 351 2014 Kaput
378 1975 534 2006 nostrum
564 1982 639 2006 cum
661 1982 806 2015 corpore

229 2024 329 2061 Unus
357 2023 516 2057 Christus
544 2026 597 2057 est
625 2023 788 2066 effectus,-

227 2076 364 2118 Quanto
390 2075 500 2118 magis
526 2076 699 2110 mediator

229 2129 325 2163 Iesus
354 2127 449 2162 Deus
478 2138 563 2162 unus
592 2128 770 2165 Christus!

231 2262 397 2309 Laetare,
426 2263 523 2306 virgo
553 2264 679 2308 Maria,

229 2316 379 2350 Laetare
406 2316 442 2350 in
469 2320 528 2350 tuo
556 2315 648 2361 filio,

229 2369 485 2410 Laetemurque
512 2377 630 2402 omnes
658 2368 693 2401 in
719 2377 760 2402 eo

226 2420 290 2463 Qui
320 2420 416 2454 nasci
449 2419 612 2463 dignatus
642 2430 682 2453 ex
713 2429 764 2454 ea.

225 2470 454 2507 Laudabatur
481 2471 525 2506 ab
553 2471 696 2516 angelis,

226 2525 259 2559 A
287 2523 490 2567 pastoribus
519 2524 716 2568 inspicitur,

227 2576 260 2610 A
287 2575 404 2618 Magis
432 2575 590 2609 Christus
618 2575 807 2618 quaeritur,

228 2627 275 2662 Et
301 2637 322 2660 a
353 2627 454 2661 stella
485 2626 755 2662 demonstratur.

870 233 927 268 12.

1474 127 1550 164 303

972 232 1086 268 Maria
1113 234 1208 276 virgo
1238 243 1320 267 vera
1347 232 1514 274 habetur,

971 285 1035 318 Dei
1064 286 1220 327 genetrix
1250 285 1397 326 dicitur‚·

974 336 1125 370 Verbum
1158 337 1248 371 enim
1277 346 1358 371 caro
1387 336 1515 370 factum

972 388 1051 422 Non
1066 389 1101 422 in
1117 398 1252 423 carnem
1270 398 1472 423 conversum
1483 392 1546 423 est.

974 439 1109 475 Mariae
1137 441 1302 483 gremium
1331 440 1550 485 germinavit,

974 492 1101 527 Genuit
1129 492 1239 526 Deum
1269 496 1303 526 et
1331 492 1514 535 hominem,

973 544 1102 578 Verum
1131 554 1255 587 corpus
1284 546 1318 578 et
1345 544 1506 586 animam,

974 597 1024 632 Ut
1043 595 1143 630 homo
1164 600 1255 630 totus
1273 597 1318 630 sit
1337 596 1549 639 redemptus.

871 744 930 777 13.
959 740 1062 776 Nunc
1091 751 1268 775 commune
1298 740 1438 775 deitatis

873 1252 933 1287 14.

874 1763 933 1799 15.

878 2265 937 2300 16.

970 794 1072 829 Deus
1100 803 1224 828 nomen
1253 793 1432 835 trinitatis,

972 847 1011 882 In
1040 856 1106 889 quo
1135 845 1255 880 unicus
1283 845 1488 879 benedictus

973 898 1077 932 Venit
1105 901 1139 931 et
1166 900 1305 931 sanctus
1333 897 1498 941 spiritus,

972 949 1157 992 Nunquam
1186 952 1287 992 pater
1314 948 1532 992 omnipotens

973 1004 1013 1036 In
1043 1002 1108 1036 hoe
1135 1011 1211 1035 esse
1238 1000 1466 1045 adprobatur,

970 1053 1058 1096 Quia
1086 1053 1197 1087 Deum
1227 1053 1446 1095 coaequalem

974 1105 1101 1140 Genuit
1130 1108 1253 1139 natura
1280 1104 1399 1139 filium.

974 1249 1200 1294 Omnipotens
1230 1250 1371 1285 verbum
1400 1251 1511 1294 patris

974 1304 1162 1346 Virtusque
1190 1307 1225 1336 et
1252 1303 1411 1337 voluntas

977 1355 1072 1392 Caeli
1100 1360 1215 1390 terrae
1244 1359 1368 1389 cuncta
1396 1356 1518 1398 implet

978 1409 1068 1443 Suae
1098 1407 1238 1441 deitatis
1268 1408 1436 1450 potentia.

977 1458 1101 1495 Omnia
1130 1460 1211 1494 data
1239 1470 1258 1493 a
1287 1459 1361 1493 Deo
1389 1463 1489 1502 patre

976 1512 1193 1546 Humanitati
1223 1511 1295 1545 eius
1324 1521 1415 1553 vere,

976 1564 1076 1598 Sedis
1104 1567 1271 1607 paternae
1300 1563 1471 1598 confessio

975 1617 1022 1650 Et
1050 1617 1249 1660 angelorum
1278 1614 1442 1651 officium.

976 1762 1109 1798 Passus
1138 1765 1191 1796 est
1218 1763 1382 1806 princeps
1414 1770 1543 1805 regum,

974 1816 1078 1851 Cuius
1107 1818 1208 1857 pater
1235 1824 1358 1857 passus
1386 1824 1453 1847 non
1483 1816 1533 1846 est

974 1868 1048 1901 Nec
1055 1867 1252 1902 Procedens
1259 1876 1381 1909 passus
1388 1875 1537 1908 unquam
1547 1878 1555 1908 3

975 1919 1133 1953 Christus
1162 1920 1255 1953 solus
1285 1928 1389 1953 carne
1423 1928 1554 1962 passus.

976 1971 1235 2014 Primogenitus
1263 1981 1305 2005 ex
1334 1970 1478 2005 mortuis

976 2024 1044 2058 Per
1071 2024 1273 2067 sanguinem
1302 2023 1370 2057 sibi
1400 2025 1536 2067 cuncta,

976 2077 1070 2118 Quae
1097 2076 1133 2109 in
1162 2076 1258 2110 caelo
1287 2079 1321 2109 et
1348 2075 1384 2109 in
1410 2078 1515 2120 terra,

977 2128 1104 2163 Sancta
1132 2138 1219 2173 pace
1248 2127 1408 2163 sociavit.

980 2263 1087 2311 Quem
1118 2267 1198 2298 ante
1226 2263 1365 2298 saecula
1384 2263 1557 2297 credimus

979 2317 1094 2350 Patris
1124 2319 1241 2350 natum
1271 2315 1344 2349 sine
1373 2319 1493 2356 matre,

980 2369 1099 2410 Ipsum
1126 2377 1261 2410 quoque
1288 2368 1323 2401 in
1352 2368 1425 2401 eius
1450 2366 1518 2400 fine

978 2420 1094 2454 Matre
1122 2423 1240 2454 natum
1267 2419 1341 2453 sine
1376 2423 1485 2463 patre.

981 2469 1046 2517 Qui
1074 2481 1138 2505 nec
1164 2472 1290 2506 unione
1310 2475 1362 2505 est
1382 2469 1554 2515 confusus,

978 2523 1053 2556 Nec
1081 2523 1302 2558 distinctione
1330 2523 1533 2566 geminatus,

977 2575 1074 2608 Idem
1103 2585 1241 2618 semper
1268 2573 1370 2610 homo
1396 2575 1500 2619 Deus,

978 2627 1058 2669 Ipse
1087 2627 1181 2662 Deus
1209 2627 1310 2662 homo
1338 2636 1451 2661 verus.
