1652 2872
133 155 174 184 11.
211 156 258 184 De
283 155 418 184 Sanctis.
443 171 477 176 -
504 156 536 184 B.
560 155 679 192 Hymni
703 154 741 182 de
765 153 890 183 Sanctis
914 155 1048 193 Proprii.
1092 157 1140 186 De
1164 167 1205 186 ss„
1228 158 1344 187 Iacobo
1368 161 1425 188 etc.
1492 159 1563 195 183

135 260 169 294 3.
211 259 288 293 Hac
315 262 350 292 et
377 258 617 302 Sigismundus
647 258 713 302 die,
883 261 915 292 5.
958 259 1023 292 His
1043 270 1177 304 nempe,
1208 272 1291 304 quos
1313 262 1564 306 praediximus,

215 311 278 344 Vir
305 309 484 352 dignitatis
511 310 638 352 regiae,
958 310 1066 344 Simul
1095 314 1405 359 patrocinantibuS‚

211 361 280 395 Sed
309 361 480 404 gloriosus
507 364 630 404 postea
957 362 1133 406 Quidquid
1160 365 1241 398 mali
1269 366 1513 407 contraximus,

210 413 360 458 Martyr,
390 411 532 455 petebat
559 412 712 447 aethera.
963 413 1124 448 Christus
1153 417 1307 450 remittat
1336 418 1507 460 protinus,

135 538 170 572 4.
215 536 288 570 Nec
315 535 408 569 solus
435 535 496 568 illo
527 538 683 580 tempore
882 538 916 572 6.
961 536 1028 569 Pro
1057 546 1160 578 posse
1188 547 1325 580 semper
1355 540 1503 574 caelicas

212 587 307 622 Emit
334 596 495 622 coronam
523 587 701 633 sanguine,
959 588 1052 622 Odas
1081 591 1115 621 et
1143 589 1289 631 hymnos
1317 592 1496 626 aemulans

213 639 283 674 Sed
312 649 387 673 011111
417 642 561 681 parente
589 638 691 673 liberi
959 639 1008 673 Te
1037 644 1156 674 nostra
1184 641 1301 675 laudet
1333 642 1460 683 vilitas,

215 692 366 726 Palmam
397 694 582 733 capessunt
609 690 732 727 incliti.
960 692 1089 726 Rerum
1119 692 1282 736 creatrix,
1314 694 1453 728 trinitas

219 826 362 855 Lection.
394 828 425 855 01
455 825 623 855 Collectar.
653 834 708 854 ms.
737 825 937 854 Eremitense
967 834 1047 854 sqec
1081 823 1494 856 10'11.Cod.Ere1uiten

135 868 206 896 add
237 877 317 896 saec.
352 865 398 896 ll.
430 866 466 895 A.
494 883 535 886 —-
564 868 655 896 Brev.
684 876 742 896 ms
766 868 998 906 Agaunense
985 875 1068 896 'Maec
1094 865 1174 896 ¹²-›‘.13
1220 868 1296 897 (¹.od
1319 868 1494 898 Eiemiten.
1518 828 1568 898 33.

135 910 170 938 B.
200 926 237 930 —-
268 908 482 938 Bekanntlich
511 909 553 937 ist
582 909 638 937 das
663 909 737 937 Fest
765 909 819 938 des
849 908 890 937 hl.
917 910 1040 946 Konigs
1063 906 1149 946 δ”ιριῗε
1139 907 1256 937 emund
1288 920 1317 937 v.
1342 911 1494 949 Burgund
1518 920 1567 939 am

137 949 163 979 1.
186 951 263 987 Mai,
286 950 356 979 dem
372 951 465 979 Feste
488 949 544 979 der
559 951 608 988 Ap
611 950 691 979 oste)
708 948 858 979 ,ΙαΙιοὸιιε
876 950 939 979 und
956 947 1154 987 Philippus:
1178 951 1277 980 daher
1293 952 1343 980 die
1360 951 1570 991 Verbindung

135 989 192 1021 der
215 992 281 1021 drei
306 992 466 1030 Heiligen.
490 1008 529 1011 —
552 992 653 1020 Morel
677 992 722 1028 (S.
744 990 812 1028 167)
834 992 890 1020 hat
913 991 995 1021 wohl
1016 992 1126 1027 Recht
1152 1002 1242 1021 venn
1267 1003 1299 1022 er
1321 991 1384 1022 den
1401 994 1463 1023 Urs
1450 1003 1570 1032 prung

135 1034 239 1063 dieses
268 1033 333 1062 und
362 1033 556 1063 namentlich
586 1033 640 1062 des
670 1033 840 1071 folgenden
865 1035 1011 1071 Hymnus
1042 1034 1075 1061 in
1101 1033 1298 1072 Ayfflmum,
1329 1035 1400 1064 dem
1426 1035 1569 1074 jetzigen

137 1076 182 1105 St.
208 1075 350 1104 Maurice
371 1074 514 1111 (Wallis)
536 1075 637 1104 sucht.

428 1280 501 1313 151».
536 1282 577 1313 In
600 1289 650 1313 ss.
675 1280 815 1321 laconi,
840 1280 1019 1321 Philippi,
1046 1280 1283 1320 sigismundi.

140 1409 173 1443 1.
215 1406 284 1452 Qui
314 1409 504 1442 christiano
533 1409 661 1443 nomini
888 1410 924 1444 4.
966 1409 1013 1442 Et
1042 1408 1116 1442 iure
1145 1418 1206 1442 nos
1236 1409 1314 1451 plus
1343 1409 1502 1443 omnibus

217 1460 516 1495 Communicamus
546 1461 690 1503 creduli,
967 1460 1154 1494 Laetamur
1181 1460 1237 1493 hic
1266 1459 1436 1502 festivius,

219 1512 290 1555 Ipsi
318 1522 480 1547 canamus
508 1513 666 1556 gloriam,
967 1512 1072 1555 Regis
1102 1511 1315 1555 Sigismundi
1342 1521 1442 1546 sacra

216 1564 282 1606 Qui
311 1564 457 1598 contulit
485 1563 576 1598 hane
603 1565 762 1608 gratiam.
965 1563 1221 1607 Amplectimur
1249 1564 1307 1606 qui
1335 1564 1492 1607 pignora.

142 1702 177 1735 2.
218 1699 283 1742 Qui
311 1709 394 1733 vera
421 1699 481 1733 lux
507 1698 681 1741 fidelibus,
891 1702 924 1734 5.
969 1699 1036 1733 Hic
1063 1708 1222 1741 namque,
1252 1698 1341 1732 sicut
1365 1699 1490 1733 literae

220 1750 462 1786 Illuminandis
490 1751 648 1785 omnibus
967 1751 1138 1794 Tradunt,
1166 1754 1309 1784 necatus
1338 1750 1402 1784 11οο
1432 1750 1488 1784 die

221 1803 468 1845 Apostolorum
498 1803 628 1838 lumina
967 1803 1177 1837 Conscendit
1206 1813 1273 1836 una
1301 1813 1377 1836 cum
1406 1803 1477 1836 suis
1513 1832 1518 1835 ⁴

219 1854 360 1888 Direxit
387 1854 581 1890 emicantia.
968 1856 1111 1890 Secreta
1138 1855 1227 1889 caeli
1254 1854 1347 1891 filiis.

144 1992 177 2025 3.
218 1990 273 2025 Ex
302 1990 366 2025 hoe
394 1994 516 2025 senatu
544 1989 688 2035 fulgido,
889 1994 921 2027 6.
966 1991 1097 2025 Horum
1127 1994 1271 2034 precatu
1301 1991 1419 2025 cernui

222 2042 394 2087 Philippe,
424 2046 458 2076 te
484 2052 559 2076 cum
588 2043 714 2077 Iacobo
966 2043 1072 2077 Malis
1101 2053 1262 2086 rogamus
1291 2043 1397 2077 eximi

221 2094 379 2128 Laudum
407 2094 475 2138 piis
503 2105 566 2137 pro
596 2095 727 2129 viribus
966 2095 1138 2138 Bonisque
1168 2095 1258 2130 veris
1286 2095 1390 2128 inseri

223 2145 323 2180 Nunc
348 2146 492 2181 canticis
521 2146 730 2183 extollimus
965 2147 1012 2182 Et
1040 2147 1171 2190 absque
1199 2146 1267 2181 fine
1296 2146 1442 2190 perfrui.

472 2283 504 2317 7.
546 2281 645 2325 Quod
673 2292 805 2316 summa
824 2286 979 2325 praestet
1007 2283 1158 2327 trinitas,

548 2335 643 2375 Quae
670 2334 818 2377 simplex
848 2334 957 2369 claret
984 2336 1111 2379 unitas,

551 2385 614 2420 Cui
641 2386 687 2419 sit
715 2385 880 2428 perennis
906 2385 1017 2427 gloria

550 2438 590 2471 In
618 2437 834 2471 saeculorum
864 2437 1013 2473 saecula.

233 2566 375 2597 Lection.
406 2571 438 2598 et
464 2569 631 2599 Collectar.
662 2579 718 2598 ms.
747 2569 947 2598 Eremitense
976 2578 1058 2598 saec.
1089 2567 1170 2598 ¹⁰l11.
1222 2570 1298 2599 Cod.
1324 2569 1497 2598 Eremiten.
1529 2566 1578 2597 88.

152 2608 223 2638 add.
253 2618 334 2638 saec.
366 2607 412 2638 11.
445 2610 482 2638 A.
513 2626 551 2630 —
582 2612 673 2640 Brev.
705 2621 760 2639 nis.
784 2611 975 2648 Agaunense
998 2619 1080 2640 saec.
1104 2608 1143 2629 1²
1136 2621 1184 2641 13
1230 2611 1306 2640 Cod.
1330 2610 1503 2639 Ε1011111011.
1528 2606 1577 2639 83.

152 2650 188 2678 B.
213 2665 254 2669 —
277 2647 305 2685 7,
327 2648 346 2678 2
369 2651 486 2689 simpla.
508 2652 543 2680 B.
