1652 2872
533 150 577 180 B.
610 149 733 186 Hymni
755 149 793 178 de
816 149 970 185 Tempore
992 149 1128 188 Proprii.
1480 150 1557 187 109

312 255 371 290 11.
414 253 514 288 Celsa
540 252 719 296 praesedit
747 253 840 292 sede,
870 253 1181 295 praeclarissimam

417 305 524 347 Quam
554 304 735 338 collocavit
763 304 813 338 sui
842 304 886 338 ad
913 305 1023 347 patris
1053 306 1228 341 dexteram

414 357 501 391 Inde
529 360 693 391 venturus
721 355 824 389 iudex
854 365 929 389 cum
958 359 1123 398 potentia.

1234 335 1241 352 5

311 459 372 495 12.
414 459 573 493 Timeant
600 459 681 491 mali
710 458 834 491 iudicis
862 459 1078 505 sententiam,

407 510 594 545 Exsultent
621 509 703 544 boni
732 510 774 543 de
803 510 945 544 caelesti
974 511 1139 554 praemio,

414 562 547 596 Reddit
575 562 667 604 quod
696 562 828 595 cunetis
857 572 918 595 sua
946 562 1042 596 iuxta
1070 572 1186 605 opera.

308 664 368 700 13.
411 664 565 698 Canente
592 664 686 707 tuba,
716 664 922 698 adveniente
950 664 1035 710 Deo,

407 716 602 759 Resurgent
629 726 746 750 omnes
774 717 900 750 mortui
930 717 972 750 de
1001 717 1142 761 tumulo,

407 768 583 802 Volabunt
611 768 723 802 sancti
752 768 890 803 Christo
919 772 1012 802 certe
1039 769 1188 806 obviam.

308 871 366 906 14.
409 871 617 915 Regnabunt
643 871 725 906 iusti
753 872 835 906 laeti
861 872 896 906 in
925 873 1088 915 paradiso

408 923 519 958 Deum
547 924 706 958 videntes
734 922 824 958 faeie
850 924 894 958 ad
923 923 1046 958 faciem

407 975 453 1010 Et
483 976 636 1010 coronati
665 976 857 1010 laudabunt
885 985 1022 1018 semper
1048 976 1171 1011 Deum.

305 1079 367 1113 15.
412 1078 534 1113 Gloria
561 1079 652 1113 trino
681 1083 715 1112 et
742 1089 808 1113 uno
837 1088 919 1113 vero
947 1078 1032 1121 Deo,

407 1130 514 1171 Patri,
544 1140 672 1165 coaevo
700 1134 735 1164 et
764 1131 940 1174 coaequali
970 1130 1053 1175 filio,

405 1182 513 1216 Simul
542 1192 617 1216 cum
645 1187 745 1226 patre
773 1186 892 1217 saneto
920 1192 1054 1225 quoque
1079 1183 1216 1225 spiritu.

184 1295 336 1325 Leollect.
370 1305 426 1324 mS.
460 1296 659 1332 Hymnorum
695 1298 725 1324 et
758 1295 940 1325 Carminum
974 1294 1226 1335 Sangallense(‘?]
1260 1305 1341 1325 saec.
1377 1293 1424 1325 10.
1475 1296 1552 1326 Cod.

121 1337 304 1366 Bruxellen.
327 1334 404 1365 1351
427 1334 623 1372 (8860—67).
646 1353 686 1357 -
710 1335 737 1370 1,
760 1335 779 1365 2
802 1339 895 1375 patri.
919 1354 959 1357 —
981 1335 1010 1372 2,
1036 1338 1050 1366 1
1068 1338 1271 1376 Verbumque
1284 1347 1404 1367 verum.
1421 1354 1462 1357 —
1478 1335 1508 1373 3,
1531 1335 1555 1366 3

122 1381 248 1407 terram.
271 1393 312 1398 —-
332 1377 368 1413 4,
397 1377 410 1407 1
436 1381 467 1407 et
489 1379 629 1417 angelos.
653 1395 693 1399 —
715 1377 744 1413 5,
770 1377 783 1407 l
809 1379 1009 1418 regalemque
1032 1380 1225 1417 progeniem.
1248 1395 1289 1398 —
1311 1378 1338 1413 5,
1362 1377 1381 1408 3
1404 1379 1493 1415 Quae
1518 1388 1553 1407 a-
1580 1382 1583 1384 “

120 1435 163 1438 -
182 1417 212 1454 8,
239 1418 253 1448 1
278 1428 297 1448 a
319 1420 448 1457 perfido.
471 1435 510 1440 —
536 1418 581 1455 10,
606 1418 625 1448 2
647 1421 816 1450 caelestem
838 1421 965 1459 gaudio.
989 1436 1029 1440 -—
1054 1419 1100 1455 ll,
1127 1420 1140 1450 l
1166 1421 1281 1450 sedem.
1304 1436 1344 1440 —
1370 1418 1415 1455 11,
1438 1419 1456 1449 2
1471 1421 1548 1449 dex-

121 1464 199 1490 tera.
222 1477 262 1481 --
287 1459 336 1496 12,
358 1459 377 1490 3
400 1461 587 1499 Redditque.
610 1477 649 1481 —
675 1460 722 1496 13,
746 1460 760 1490 1
786 1463 934 1491 Domino.
957 1477 997 1481 -—
1021 1463 1081 1491 Cfr.
1106 1462 1142 1490 E.
1167 1462 1366 1499 Duemmler‚
1401 1461 1553 1499 Rhythm.

126 1502 302 1532 ecclesiast.
326 1504 397 1532 aevi
423 1503 565 1532 Carolini
589 1505 758 1541 specimen.
783 1503 878 1532 Halis
904 1501 991 1533 1881.
1015 1513 1045 1541 p.
1072 1501 1117 1532 18.

594 1698 668 1730 101.
702 1698 743 1732 In
766 1699 909 1731 laudem
934 1699 1087 1732 Christi.

530 1762 708 1799 Hymnus
731 1762 909 1801 Eugenii
933 1763 1140 1802 Vulgarii.

322 1877 357 1912 1.
399 1876 539 1911 Laudes
566 1887 678 1921 pange
708 1878 793 1923 Deo,
824 1878 1006 1922 redempta
1032 1879 1158 1924 lingua,

398 1928 471 1971 Quo
499 1938 614 1962 coram
644 1929 827 1972 Seraphim
855 1934 1007 1964 tremunt
1035 1931 1127 1965 beati

396 1980 596 2015 Laudantes
625 1981 789 2024 Sabaoth,
818 1981 930 2016 Deum
958 1986 1147 2017 tonantem.

320 2095 354 2129 2.
397 2093 519 2128 Lauda
546 2094 745 2139 glorificans
774 2099 909 2138 patrem
937 2099 1113 2138 potentem

397 2145 444 2180 Et
472 2146 648 2180 Christum
677 2147 829 2190 genitum
858 2147 956 2190 polos
987 2152 1162 2190 regentem

401 2197 483 2232 Cum
513 2202 632 2234 sancto
662 2199 740 2241 iuge
769 2199 895 2242 spiritu
922 2203 1128 2236 manentem.

324 2312 359 2347 3.
397 2311 465 2345 Hic
493 2321 636 2354 prorsus
665 2313 760 2346 Deus
788 2313 938 2347 omnium
966 2316 1134 2355 patrator,

393 2362 460 2396 Hic
487 2367 625 2397 sanctus
653 2364 821 2398 Dominus
848 2368 985 2407 patrum
1013 2368 1180 2407 sacrator,

395 2414 460 2456 Qui
488 2419 601 2449 custos
630 2416 764 2449 animae
792 2419 844 2449 est
873 2415 992 2450 beatus
1021 2419 1152 2452 auctor.

317 2527 351 2561 4.
393 2526 460 2560 Hic
487 2528 580 2561 solus
609 2528 728 2571 bonus,
757 2538 884 2572 aequus
910 2531 944 2561 et
973 2527 1152 2572 benignus,

395 2578 552 2614 Clemens
581 2589 621 2613 ac
649 2580 726 2622 pius
753 2580 884 2614 arbiter
911 2589 1096 2626 supernus,

395 2629 524 2664 Mentis
551 2631 770 2676 principium,
800 2629 916 2665 refusa
943 2631 1064 2667 virtus,
