1652 2872
92 232 151 269 13.

90 739 149 774 14.

89 1251 147 1284 15.

86 1754 146 1790 16.

83 2261 142 2296 17.

481 131 525 162 Π.
558 132 608 160 De
630 129 765 159 Sanctis.
787 146 826 151 —
850 131 899 159 De
922 141 946 159 s.
971 130 1138 169 Comgillo.

194 231 308 267 Notus
334 238 530 269 sanctorum
559 233 727 278 coetibus,

194 284 372 319 Abbatum
401 287 434 320 in
465 285 658 326 ordinibus,

193 336 447 371 Monachorum
475 336 656 378 militibus,

192 387 472 423 Anchoretarum
500 388 670 432 sensibus,

195 438 375 482 Synodum
403 440 533 474 sanctis
561 438 735 482 plebibus,

193 491 304 525 Immo
330 492 384 526 vir
410 491 634 535 apostolicus,

194 542 320 577 Clarus
347 543 478 577 sanctis
505 543 541 576 in
569 542 734 586 sortibus,

192 594 374 628 Adauctus
402 594 437 628 in
466 593 684 630 sublimibus,

191 737 220 774 0
250 742 385 783 petram
413 739 661 774 solidissimam

191 792 232 826 In
262 789 487 825 fundamento
515 792 674 837 positam,

191 843 219 878 Ο
248 846 523 887 contemptorem
550 844 701 878 omnium

192 895 321 929 Rerum
350 905 496 938 nequam
523 896 771 939 praesentium,

190 947 218 982 Ο
248 947 371 982 ducem
399 951 556 982 sanctum
582 948 730 983 militum

190 999 341 1034 Domino
368 1000 603 1047 militantium,

190 1052 218 1086 O
248 1055 406 1095 tyronem
436 1051 662 1087 fortissimum

190 1103 339 1138 Domino
368 1108 477 1140 totum
507 1105 684 1139 deditum!

192 1249 336 1285 Positus
365 1251 453 1284 muri
482 1249 589 1284 ferrei

193 1302 276 1335 Vice
303 1303 338 1336 in
368 1303 445 1336 luce
473 1303 595 1346 populi

190 1354 385 1399 Dissipare,
416 1355 622 1397 disperdere

192 1406 324 1441 Cuncta
352 1407 443 1442 mala
474 1408 666 1449 destruere,

188 1458 398 1501 Aedificare,
428 1460 589 1502 plantare

188 1511 286 1545 Bona
314 1514 388 1546 tota
415 1512 448 1546 in
479 1521 659 1546 commune

187 1563 289 1597 More
316 1563 428 1598 sancti
458 1564 627 1598 Ieremiae

190 1614 378 1649 Constituti
404 1616 438 1649 in
468 1616 628 1651 culmine.

190 1754 274 1802 Quis
304 1756 512 1799 contempsit
539 1757 739 1799 praesentia

187 1807 299 1842 Huius
326 1808 404 1842 aevi
433 1808 608 1843 decidua?

187 1860 270 1903 Quis
298 1860 455 1894 ascendit
484 1861 529 1894 ad
558 1870 710 1904 superna

186 1912 275 1946 Toto
303 1912 418 1946 animo
446 1912 600 1956 gaudia?

186 1963 268 2007 Quis
297 1965 436 1999 volebat
463 1965 497 1998 in
524 1965 668 1999 aethera

186 2018 299 2051 Carne
327 2017 446 2051 volare
474 2017 599 2060 posita,

186 2068 346 2111 Qualiter
372 2070 438 2103 iste
467 2069 552 2104 talia

185 2121 346 2164 Adeptus
375 2124 496 2155 sancta
523 2121 672 2157 merita?

184 2260 293 2296 Rexit
321 2264 475 2296 sanctam
505 2262 686 2296 ecclesiam

189 2313 404 2348 Catholicam
432 2324 496 2356 per
523 2315 678 2357 regulam

187 2365 354 2400 Retinens
383 2365 485 2400 fidem
515 2366 661 2400 solidam

185 2418 317 2453 Malam
347 2420 466 2453 contra
495 2418 693 2461 nequitiam,

186 2470 289 2505 Suam
318 2480 483 2504 exercens
510 2470 662 2504 animam

187 2521 337 2556 Sanctae
373 2522 460 2565 legis
497 2532 561 2564 per
588 2521 765 2564 paginam,

187 2572 290 2606 Cuius
319 2578 445 2617 exopto
473 2574 633 2617 gratiam,

188 2623 278 2658 Mihi
302 2624 447 2659 adornet
480 2626 642 2660 animam.

842 235 902 271 18.

842 740 900 775 19.

831 2264 890 2297 22.

1452 132 1527 169 323

945 234 1093 279 Sapiens
1122 246 1200 270 suos
1230 237 1384 271 internos

945 287 1090 322 Sanctos
1119 289 1258 322 elevans
1286 288 1404 322 oculos

946 339 1149 374 Deducebat
1178 340 1223 373 ad
1252 350 1395 384 superos

945 390 1068 433 Capite
1096 396 1214 426 sancto
1243 392 1406 434 intentos,

946 443 1050 476 Parte
1078 447 1200 477 sancta
1227 443 1262 476 in
1291 443 1437 478 dextera

947 493 1128 527 Collocans
1158 504 1220 528 sua
1248 495 1395 538 viscera,

944 544 1163 578 Centurionis
1190 555 1299 587 opera

942 595 1085 630 Habens
1114 601 1235 630 sancta
1263 607 1326 640 per
1354 598 1482 634 studia.

943 739 1041 775 Tulit
1068 751 1165 775 suam
1194 742 1394 776 memoriam

943 793 1000 827 Ad
1028 793 1240 827 mansionem
1271 803 1468 837 supernam,

943 846 1067 880 Caram
1097 845 1171 879 Deo
1199 850 1234 879 et
1261 844 1420 880 floridam

943 897 1045 932 Suam
1076 907 1241 931 exercens
1269 897 1430 943 animam,

943 949 1176 985 Contemnens
1188 954 1317 984 terram
1328 949 1523 994 subdolam,

941 1002 1074 1036 Vanam
1103 1011 1238 1035 omnem
1266 1001 1436 1036 insaniam

939 1053 1106 1095 Domans,
1136 1053 1211 1087 iens
1240 1063 1314 1087 cum
1342 1052 1521 1088 Abraham

939 1105 997 1140 Ad
1026 1109 1154 1140 terram
1184 1105 1280 1140 illam
1309 1105 1491 1148 optimam.

944 1250 1064 1286 Uitam
1092 1253 1270 1285 aeternam
1299 1249 1434 1295 fulgida

942 1303 1103 1346 Adeptus
1132 1306 1184 1337 est
1212 1302 1276 1337 sub
1306 1313 1444 1346 corona,

942 1355 1011 1390 Ubi
1040 1360 1192 1389 assumet
1216 1356 1372 1397 praemia

943 1409 1174 1442 Permansura
1203 1408 1238 1440 in
1267 1407 1406 1442 saecula

943 1459 1176 1494 Comitaturus
1205 1460 1343 1502 agmina

940 1512 1153 1555 Angelorum
1183 1511 1384 1556 praecipua,

939 1564 1125 1606 Inquirens
1153 1573 1291 1606 semper
1319 1564 1415 1608 talia,

939 1616 1097 1659 vigilans
1126 1615 1160 1649 in
1190 1615 1348 1651 ecclesia.

887 1784 894 1790 .
938 1756 1097 1791 Xristum
1124 1756 1247 1790 orabat
1274 1756 1477 1799 magistrum

938 1809 1113 1844 Summum
1147 1818 1274 1842 ornans
1303 1808 1518 1851 obsequium,

938 1861 1068 1897 Christi
1097 1870 1220 1904 gerens
1249 1859 1403 1894 officium

937 1914 1064 1947 Actum
1092 1923 1157 1956 per
1184 1912 1426 1956 apostolicum,

937 1965 1049 1999 Huius
1077 1974 1224 2008 sequens
1254 1965 1446 2010 vestigium,

936 2017 1075 2052 Ducens
1104 2017 1179 2051 Deo
1207 2016 1398 2050 exercitum

936 2070 975 2103 In
1005 2072 1162 2103 sanctum
1190 2068 1427 2103 habitaculum

935 2121 1119 2156 Trinitatis
1148 2121 1386 2155 lectissimum.

935 2261 1087 2296 Ymnum
1116 2261 1190 2295 Deo
1218 2271 1295 2295 cum
1324 2261 1460 2296 cantico

934 2312 1142 2348 Immolabat
1169 2313 1339 2347 altissimo

934 2365 1013 2399 Diei
1041 2366 1152 2399 noctis
1185 2365 1314 2399 circulo

933 2418 1045 2452 Orans
1082 2427 1186 2460 saepe
1219 2427 1294 2451 cum
1324 2416 1508 2459 triumphe.

935 2470 1036 2503 Nunc
1064 2469 1219 2504 cantabit
1247 2469 1309 2503 sub
1339 2478 1480 2503 numero

935 2521 1114 2555 Canticum
1143 2531 1268 2556 novum
1297 2520 1446 2555 Domino

934 2573 1076 2607 Iunctus
1106 2573 1210 2607 choro
1238 2573 1394 2616 angelico

935 2624 1073 2660 Summo
1101 2628 1240 2660 sanctus
1268 2624 1302 2658 in
1332 2624 1450 2659 iubilo.

1257 2683 1323 2714 21*
