1652 2872
643 97 649 115 Ι

163 159 205 188 ΙΙ.
241 159 290 188 De
311 157 448 187 Sanctis.
472 174 510 178 —
533 156 570 186 B.
603 155 724 193 Hymni
747 155 784 184 de
807 154 933 184 Sanctis
957 154 1094 193 Proprii.
1138 155 1186 184 De
1209 164 1232 183 s.
1257 154 1428 193 Stephano.
1473 153 1546 190 231

372 265 406 298 6.
449 262 495 297 Et
522 265 605 295 tunc
631 259 732 294 arida
761 259 816 292 vel
844 259 902 292 siti
929 263 1072 301 perusta

448 312 595 356 Accepit
622 311 758 355 pluvias
787 310 847 345 diu
874 315 1016 354 negatas

448 365 566 400 Tellus
593 362 805 407 germinibus
834 362 899 397 soli
929 363 1098 398 creandis.

374 481 406 515 7.
445 478 519 513 Hos
545 481 669 511 testem
699 477 816 511 decuit
843 475 974 510 honore
1001 477 1088 519 tolli,

447 530 597 564 Imbrem
626 530 682 572 qui
711 528 867 572 lapidum
897 527 1033 562 ferebat
1062 528 1167 573 ultro,

448 583 572 625 Orans,
601 581 708 624 impia
736 590 780 615 ne
808 590 928 615 manus
959 580 1102 623 periret.

204 696 334 726 Colleet.
364 705 421 724 mS.
451 694 664 733 Sangallense
694 703 775 723 saec.
804 692 858 730 (8.)
888 692 934 723 10.
965 692 1036 730 (11).
1089 693 1166 722 Cod.
1197 693 1379 732 Sangallen.
1411 693 1482 724 242.
1512 711 1553 714 ——

124 737 149 774 1,
175 736 194 767 3
216 737 418 768 Gamaliheli.
442 754 482 758 —-
504 736 576 775 Vgl.
600 737 683 766 Note
705 745 777 765 zum
799 735 1081 774 vorhergehenden
1105 735 1261 773 Hymnus.

239 923 314 955 201.
350 922 466 963 „Item
489 922 586 955 alius
608 922 651 954 de
675 922 866 955 Miraculis
891 922 1008 963 ipsius
1031 922 1067 954 in
1091 921 1218 954 Africa
1241 923 1439 956 ostensis.“

552 998 732 1035 Hymnus
754 997 930 1027 Notkeri
954 997 1128 1026 Balbuli.

399 1104 432 1138 1.
476 1102 523 1137 Ut
552 1103 727 1137 revelatus
757 1102 952 1145 Stephanus
981 1102 1144 1146 micabat,

474 1155 561 1189 Ossa
587 1158 667 1188 sunt
696 1154 769 1188 eius
799 1154 903 1188 celeri
931 1158 1047 1188 meatu

474 1205 720 1241 Africanorum
753 1206 890 1240 steriles
918 1215 982 1248 per
1009 1216 1110 1251 agros

621 1257 751 1301 Sparsa
779 1258 940 1293 serendo.

395 1375 428 1410 2.
470 1373 577 1407 Flore
606 1373 649 1407 de
677 1382 822 1416 quorum
851 1373 974 1406 mulier
1002 1373 1174 1407 medelam

474 1425 588 1459 Dante
616 1425 797 1459 Praeiecto
826 1425 951 1458 meruit
980 1428 1137 1468 patrono,

474 1477 566 1519 Quos
596 1477 788 1511 tenebratis
815 1476 924 1511 oculis
953 1477 1191 1520 propinquans

617 1529 719 1563 Vidit
746 1532 878 1572 aperte.

474 1655 590 1689 Messe
618 1654 660 1688 de
689 1664 833 1697 quorum
862 1654 1034 1688 medicina
1062 1654 1172 1688 dulcis

474 1706 668 1740 Devehenti
697 1705 855 1749 pontifici
883 1705 979 1740 fideli

474 1758 589 1799 Venit,
618 1762 656 1792 ut
683 1767 748 1792 nec
774 1757 890 1792 fistula
917 1768 1026 1802 parva
1053 1758 1174 1792 morbo

619 1811 691 1844 Iam
721 1815 929 1854 superesset.

398 1656 432 1690 :20

398 1937 432 1971 4.
475 1934 607 1970 Calculi
635 1935 775 1970 morbus
803 1936 930 1970 nimius
957 1941 1137 1980 vetusque,

473 1987 546 2029 Quo
574 1987 738 2022 laborans
768 1988 959 2022 Eucherius
988 1989 1130 2032 periret,

475 2041 764 2082 'semp-eramento
794 2039 991 2084 Stephanus
1020 2041 1152 2075 salubri

618 2091 684 2126 Est
711 2096 904 2135 superatus,

399 2220 431 2251 5.
475 2217 599 2251 Mortis
629 2220 663 2251 et
690 2227 829 2252 saevum
859 2217 1056 2262 Stephanus
1084 2220 1255 2263 periclum

475 2270 580 2302 Veste
609 2271 744 2312 signata
772 2280 812 2304 ac
842 2270 942 2305 citius
971 2272 1115 2306 remissa

476 2321 532 2355 Sic
561 2322 740 2364 repressit,
770 2322 955 2365 presbyter
981 2328 1019 2357 ut
1047 2324 1168 2358 salutis

620 2374 769 2408 Munera
798 2372 916 2411 ferret.

399 2499 433 2533 6.
475 2497 664 2538 Martialis,
694 2501 731 2531 tu
759 2498 927 2540 Stephani
955 2500 1103 2541 gemella

475 2549 656 2592 Sospitans
685 2559 777 2593 cura,
808 2550 981 2584 dominum
1012 2555 1185 2594 potentem

478 2601 603 2635 Mortis
633 2605 666 2635 et
694 2601 785 2635 vitae
814 2601 991 2636 celebrare
1020 2603 1195 2638 Christum

619 2653 731 2695 Saepe
758 2653 903 2689 solebas,
