1652 2872
92 245 151 280 12.

91 961 150 996 13.

87 1670 144 1704 14.

82 2377 140 2413 15.

582 139 606 168 Ι.
639 139 689 167 De
711 138 780 167 Deo
803 141 835 166 et
857 137 896 166 de
917 139 1030 167 Beata.

192 243 311 286 Magni
336 241 402 276 Dei
430 241 616 276 virtutibus

194 294 418 339 Appenditur
447 293 598 328 dialibus

193 346 326 382 Globus
355 349 471 379 terrae
500 350 534 379 et
563 345 714 378 circulus

192 399 333 443 Abysso
363 407 506 440 magnae
534 397 667 431 inditus

193 449 341 485 Suffultu
369 449 448 492 Dei,
475 449 596 483 iduma

193 501 450 545 Omnipotentis
478 501 606 544 valida,

193 553 367 591 Columnis
398 553 492 587 velut
521 553 678 586 vectibus

191 606 350 642 Eundem
377 605 662 652 siffitentantibus,

194 657 444 693 Promontoriis
473 661 505 690 et
534 657 680 701 rupibus

191 710 320 746 Solidis
350 709 611 744 fundaminibus

191 762 295 797 Velut
322 762 529 805 quibusdam
558 761 701 796 basibus

191 815 368 849 Firmatus
396 814 643 851 immobilibus

191 958 291 994 Nulli
319 960 458 994 videtur
486 960 629 994 dubium

190 1013 230 1046 In
258 1012 337 1046 imis
366 1021 441 1046 esse
468 1011 652 1053 infernum,

189 1064 259 1099 Ubi
287 1064 461 1099 habentur
488 1063 666 1107 tenebrae,

191 1116 333 1150 Vermes
361 1120 396 1150 et
425 1116 522 1151 dirae
550 1116 694 1161 bestiae,

190 1167 261 1204 Ubi
288 1168 381 1214 ignis
409 1168 620 1211 sulphureus

189 1221 329 1255 Ardens
357 1219 504 1256 flammis
533 1221 711 1266 edacibus,

190 1272 261 1308 Ubi
288 1274 422 1316 rugitus
451 1273 640 1316 hominum,

188 1325 310 1359 Fletus
339 1329 373 1358 et
400 1325 532 1359 stridor
561 1325 728 1367 dentium,

188 1377 258 1411 Ubi
287 1376 474 1412 Gebennae
502 1378 647 1420 gemitus

188 1429 372 1463 Terribilis
401 1434 435 1464 et
463 1431 636 1475 antiquus,

188 1481 260 1516 Ubi
288 1482 396 1516 ardor
421 1481 664 1525 flammaticus,

187 1533 271 1568 Sitis
301 1532 470 1578 famisque
498 1535 675 1569 horridus,

188 1667 317 1704 Orbem
346 1668 449 1713 infra,
479 1673 517 1704 ut
544 1670 702 1713 legimus⁷

188 1722 324 1756 Incolas
356 1731 431 1756 esse
459 1723 627 1765 novimus,

186 1774 337 1816 Quorum
368 1784 456 1817 genu
485 1776 644 1818 precario

188 1825 406 1868 Frequenter
433 1825 543 1860 flectit
569 1826 732 1872 Domino,

187 1877 388 1922 Quibusque
414 1878 629 1922 impossibile

186 1929 330 1964 Librum
359 1931 527 1973 scriptum
557 1932 736 1965 revolvere

186 1982 416 2025 Obsignatum
444 1983 632 2026 signaculis

185 2033 324 2077 Septem
367 2036 409 2069 de
447 2035 577 2070 Christi
613 2037 764 2081 monitis,

183 2087 288 2129 Quem
319 2087 412 2121 idem
441 2088 692 2133 resignaveratt

185 2138 372 2182 Postquam
402 2140 515 2174 victor
541 2141 727 2175 exstiterat

185 2190 342 2233 Explens
371 2193 424 2226 sui
452 2193 696 2236 praesagmina

184 2244 368 2277 Adventus
396 2244 629 2287 prophetalia.

184 2376 388 2414 Plantatum
417 2388 437 2411 a
465 2380 641 2420 prooemio

181 2430 387 2465 Paradisum
416 2440 436 2464 a
461 2429 610 2465 Domino

184 2483 348 2525 Legimus
375 2483 410 2516 in
439 2483 631 2524 primordio

184 2533 330 2568 Genesis
358 2533 585 2580 nobilissimo,

184 2585 289 2620 Cuius
319 2595 360 2619 ex
389 2584 485 2620 fonte
512 2585 653 2621 flumina

182 2638 355 2679 Quattuor
382 2641 462 2671 sunt
490 2640 678 2682 manantia,

839 647 898 681 16.

837 1358 896 1393 17.

831 2069 891 2105 18.

1445 138 1519 175 277

941 243 1045 277 Cuius
1075 243 1180 277 etiam
1208 242 1335 278 florido

940 295 1089 338 Lignum
1118 295 1211 329 vitae
1238 296 1274 329 in
1303 294 1429 336 medio,

941 345 1045 380 Cuius
1073 357 1142 381 non
1171 347 1297 381 cadunt
1325 345 1410 380 folia

942 397 1112 432 Gentibus
1139 398 1333 441 salutifera,

942 449 1049 483 Cuius
1076 450 1330 485 inenarrabiles

941 501 1100 536 Deliciae
1128 511 1169 536 ac
1197 502 1345 539 fertiles,

942 644 1027 692 Quis
1056 647 1101 680 ad
1130 647 1327 681 condictum
1357 648 1497 682 Domini

940 698 1096 732 Mentem
1126 699 1283 733 ascendit
1312 700 1434 735 Sinai?

941 750 1024 792 Quis
1053 750 1190 786 audivit
1220 751 1371 785 tonitrua

941 802 1046 838 Ultra
1073 804 1213 838 modum
1241 804 1413 846 sonantia,

941 854 1024 896 Quis
1053 855 1249 899 clangorem
1279 860 1502 899 perstrepere

941 908 1156 942 Inormitatis
1186 907 1379 942 buccinae?

940 959 1024 1001 Quis
1052 970 1188 1003 quoque
1218 960 1305 995 vidit
1331 959 1470 1004 fulgura

941 1013 982 1046 In
1010 1021 1096 1056 gyro
1125 1012 1356 1055 coruscantia,

940 1064 1025 1106 Quis
1053 1065 1234 1107 lampades
1264 1069 1298 1098 et
1325 1065 1439 1099 iacula

941 1116 1102 1159 Saxaque
1131 1117 1336 1150 collidentia

940 1169 1088 1203 Praeter
1117 1168 1331 1204 Israhelitici

938 1215 1087 1264 Mfssvsen
1115 1221 1267 1255 iudicem
1296 1221 1446 1264 populi?

939 1357 1048 1401 Regis
1077 1365 1196 1400 regum
1225 1357 1409 1390 rectissimi

938 1410 1053 1452 Prope
1082 1412 1133 1442 est
1163 1408 1236 1442 dies
1263 1409 1413 1451 Domini,

937 1462 1022 1495 Dies
1051 1461 1124 1494 irae
1154 1464 1189 1494 et
1219 1461 1405 1505 vindictae,

937 1513 1176 1548 Tenebrarum
1205 1517 1238 1546 et
1267 1513 1415 1547 nebulae

938 1566 1090 1608 Diesque
1118 1565 1330 1600 mirabilium

937 1618 1183 1652 Tonitruorum
1213 1617 1366 1661 fortium,

935 1670 1018 1704 Dies
1047 1679 1181 1713 quoque
1210 1671 1401 1716 angustiae,

936 1723 1108 1756 Maeroris
1148 1732 1189 1756 ac
1224 1723 1403 1768 tristitiae,

936 1776 976 1810 In
1005 1785 1071 1817 quo
1101 1775 1253 1808 cessabit
1273 1776 1453 1810 mulierum

935 1828 1045 1862 Amor
1073 1837 1114 1860 ac
1143 1827 1356 1862 desiderium

935 1879 1191 1921 Hominumque
1220 1881 1394 1914 contentio

934 1931 1059 1966 Mundi
1090 1932 1189 1965 huius
1218 1936 1252 1965 et
1281 1933 1418 1976 cupido.

934 2066 1076 2103 Stantes
1105 2068 1232 2102 erimus
1261 2069 1380 2112 pavidi

931 2120 1025 2154 Ante
1053 2120 1207 2155 tribunal
1235 2121 1374 2155 Domini

932 2172 1203 2216 Reddemusque
1231 2174 1274 2207 de
1303 2173 1461 2208 omnibus

932 2225 1118 2259 Rationem
1149 2225 1342 2269 affectibus,

932 2276 1100 2311 Videntes
1128 2287 1263 2322 quoque
1290 2279 1404 2321 posita

932 2329 1025 2363 Ante
1053 2329 1194 2363 obtutus
1223 2331 1369 2364 crimina

934 2380 1130 2424 Librosque
1158 2382 1390 2417 conscientiae

933 2432 1133 2468 Patefactos
1161 2435 1195 2468 in
1225 2433 1333 2480 facie;

933 2485 973 2518 In
1001 2483 1102 2519 fletus
1130 2487 1363 2521 amarissimos

934 2538 986 2570 Ac
1014 2537 1185 2581 singultus
1212 2548 1431 2582 erumpemus

933 2587 1120 2624 Subtracta
1147 2591 1343 2624 necessaria

933 2640 1110 2683 operandi
1139 2643 1295 2678 materia.
