1652 2872
168 134 208 162 II.
244 134 291 162 De
314 134 450 163 Sanctis.
473 150 513 153 —
535 134 570 162 B.
597 133 713 170 Hymni
736 132 774 160 de
798 132 924 160 Sanctis
948 132 1082 170 Propi-ii.
1128 134 1176 164 De
1200 145 1224 163 s.
1248 134 1401 163 Findano.
1468 135 1539 172 179

200 233 226 270 1⁷
257 233 277 264 2
303 235 346 264 Et
376 237 472 264 robur
493 243 521 265 c.
545 251 585 254 —
609 233 635 270 l⁷
658 232 677 263 3
700 234 812 263 decent
834 234 913 262 fehlt
935 236 972 263 K.
1000 252 1037 255 -—-
1061 234 1086 271 1,
1111 235 1130 265 5
1152 237 1197 265 Te
1219 238 1299 266 caeli
1324 237 1382 266 ST⁴
1408 254 1445 258 -
1472 236 1499 273 1,
1522 236 1540 266 6

114 276 246 305 laudent
267 277 302 304 Y.
327 293 366 297 —-
389 275 417 311 2,
443 275 457 305 1
483 279 627 305 sanctum
650 276 686 311 Q.
711 291 747 294 —
772 273 801 307 2,
827 274 846 303 3
870 277 1093 314 Areopagitain
1117 278 1197 307 KST
1219 285 1238 308 C
1262 277 1292 308 d.
1316 295 1355 298 —
1379 277 1407 314 2,
1430 278 1450 308 4
1473 280 1540 308 Iam

115 317 235 346 caelico
264 318 366 352 iamfl)
395 319 433 346 D.
457 333 496 338 —
519 315 548 352 2,
569 315 588 346 6
611 316 720 345 Laude
744 318 874 353 perenni
899 317 936 345 N.
960 333 1000 337 —-
1022 316 1050 353 3,
1075 317 1093 347 2
1116 319 1292 348 abscissum
1316 320 1426 357 KQST
1450 328 1478 351 c.
1502 337 1542 340 —

115 357 144 393 3,
172 356 192 387 4
223 357 301 387 fehlt
331 359 363 387 C.
395 374 436 378 —
465 356 493 395 3,
525 356 544 386 6
570 358 714 386 Parisius
739 357 828 393 QST,
852 358 1035 395 paradisum
1059 358 1090 389 d.
1115 376 1153 380 —-
1175 362 1263 389 Nach
1288 362 1349 391 Str.
1373 359 1392 391 3
1415 362 1484 401 fiigt
1507 363 1540 391 in

116 400 142 436 Q
166 400 237 428 eine
260 399 356 428 Haud
379 408 460 428 saec.
487 398 533 428 15.
557 408 608 427 am
631 399 741 428 Raude
765 399 833 427 bei:

488 441 586 470 Cuius
611 450 683 469 ossa
706 448 797 468 sacra
817 440 821 475 Ι
841 440 918 468 Inde
943 441 1099 470 translata

489 481 581 519 Apud
604 481 840 510 Emmeramum
859 480 862 516 Ι
884 482 1056 519 Mai-tyren}
1080 483 1198 511 almum

489 523 570 552 Sunt
593 532 676 552 nunc
691 523 849 552 tumulata
869 522 873 558 Ι
893 523 930 551 In
953 524 1140 561 Ratispona.

199 564 228 601 4,
253 564 267 594 1
285 565 408 602 Martyi·
431 564 574 602 angelice
598 568 631 592 tu
649 565 750 593 Deum
776 571 810 601 ος
835 568 868 592 tu
886 565 1023 593 Domino
1042 566 1080 594 D.
1097 581 1137 585 —
1153 564 1181 600 5,
1204 565 1222 595 3
1241 569 1414 606 Houorque
1440 571 1542 608 gloria

117 609 154 637 Τ.
178 624 217 628 —-
239 606 267 642 5,
291 605 311 636 3
333 616 378 644 sq.
403 606 508 634 Decus
531 606 632 634 honor
655 607 771 634 unitati
796 609 827 635 et
849 606 952 643 gloria
975 605 1011 634 G.

201 649 263 678 Die
287 647 420 685 Quellen
451 647 521 676 sind
544 647 682 676 vielfach
705 647 755 675 die
778 647 940 684 gleiehen⁷
971 649 1030 676 wie
1055 647 1103 676 fiir
1126 649 1185 677 den
1212 650 1542 689 Benediktushymnus

121 688 266 729 „Christe
297 687 346 727 fili
378 685 473 717 Iesu“
508 688 574 725 (Nr.
611 687 693 725 147),
729 689 792 729 und
826 698 910 717 zwar
939 688 1108 727 ‹lui-chweg
1140 700 1198 719 nur
1228 700 1284 720 aus
1316 689 1546 722 Dentscmand

120 731 322 761 stammende.
345 746 386 751 -—
411 728 514 759 Wenn
533 731 628 759 Mone
643 730 714 765 (III,
736 728 809 766 266)
830 729 991 758 bemerkt:
1018 730 1126 767 „Nach
1149 731 1218 761 dem
1235 733 1458 771 Strophenbau
1482 745 1544 764 von

120 775 221 803 einem
247 769 499 810 framosischen
522 770 672 801 Dichter“
698 782 732 800 so
755 772 859 810 geben
881 772 933 800 die
958 772 1094 808 Quellen
1117 773 1183 801 ihm
1206 775 1310 812 wenig
1332 774 1441 804 Recht.

582 914 656 948 154.
692 915 735 947 In
757 915 878 948 sancti
902 915 1073 948 Findani.

344 1002 379 1037 1.
420 1001 497 1044 Eia,
525 1010 629 1044 nune,
658 1001 744 1035 socii
771 1012 793 1032 ae
825 999 953 1035 fratres
982 1005 1014 1035 et
1044 1001 1195 1048 Domini,

422 1053 516 1087 Voce
545 1053 726 1087 dulcisona
752 1064 774 1083 κ
806 1054 946 1096 pangite
976 1053 1121 1098 cantica,

423 1105 517 1139 Anni
547 1114 622 1138 cum
651 1104 764 1138 orbita
792 1117 813 1136 ἥ
846 1103 953 1138 refert
985 1105 1157 1140 dieculam

559 1157 710 1192 Findani
739 1156 850 1198 patris
879 1155 1059 1200 fulgidam.

345 1252 380 1285 2.
422 1250 530 1292 Quem
557 1253 676 1283 natum
705 1248 822 1283 Scotia
848 1260 870 1280 ἦε
903 1249 1063 1283 confovet
1092 1249 1218 1285 Suevia

425 1301 604 1335 Thesauro
631 1300 741 1334 nobili
769 1312 791 1331 ÷÷
823 1301 1047 1344 Rhenaugiae
1075 1302 1138 1336 soli

425 1353 515 1387 Dato
544 1352 720 1398 divinitus,
753 1364 774 1383 κ
807 1362 907 1395 quam
940 1353 1079 1396 cingens
1108 1354 1260 1397 undique

563 1404 716 1439 Decorat
743 1404 856 1438 amnis
887 1403 1119 1440 circumfluus.

345 1501 380 1534 3.
425 1499 531 1543 Ergo,
561 1508 661 1542 quem
689 1498 843 1533 canimus
870 1510 892 1529 ÷÷
924 1499 1031 1533 variis
1059 1499 1232 1545 laudibus,

426 1551 575 1594 Dignum
604 1561 667 1595 per
694 1550 808 1584 omnia
835 1562 856 1581 κ
890 1551 1001 1585 diseat
1031 1551 1177 1585 ecclesia

425 1603 579 1645 Eiusque
607 1602 806 1645 hymnidica
833 1613 854 1633 ÷÷
886 1612 990 1645 prece
1018 1603 1086 1637 iam
1115 1603 1300 1637 concinens

561 1655 729 1699 Imploret
758 1654 963 1696 patrocinia.

347 1751 383 1784 4.
424 1747 492 1781 Hic
519 1758 597 1782 nam
627 1747 818 1782 barbaricis
848 1759 868 1779 ae
902 1749 1062 1782 venditus
1092 1749 1230 1791 populis

427 1800 526 1834 Pacis
555 1799 618 1834 sub
644 1800 761 1834 osculo
788 1811 810 1830 κ
845 1809 940 1833 more
970 1800 1143 1834 dominico

428 1852 546 1886 Proles
574 1852 722 1895 ingenua
749 1862 770 1882 κ
801 1852 934 1896 praeda
965 1852 1119 1894 piratica

565 1905 632 1939 Per
659 1904 763 1937 maris
792 1903 887 1938 vadit
916 1903 1022 1940 invia.

349 2000 383 2034 5,
425 1996 494 2030 Sed
522 2006 626 2039 prece
655 2006 823 2040 prospera
850 2008 872 2027 κ
904 1997 1009 2030 missa
1037 2007 1103 2040 per
1130 1999 1274 2033 aethera

428 2049 552 2082 Evasis
581 2048 736 2083 hostibus
764 2060 785 2080 κ
817 2049 962 2083 miratur
989 2050 1133 2093 pelagus

429 2101 546 2135 Fideli
573 2100 723 2135 lembulo
750 2112 772 2133 κ
803 2100 1004 2135 subvectum
1034 2104 1188 2136 navitam

565 2153 744 2187 Potentem
773 2156 886 2188 tractu
914 2153 1062 2189 aridam.

352 2236 387 2271 6.
429 2235 486 2270 Sic
516 2236 676 2270 Israelita
703 2247 725 2267 δε
756 2235 854 2279 quasi
884 2245 947 2278 per
976 2236 1053 2271 avia

431 2287 542 2321 Maris
571 2288 667 2321 rubri
695 2298 817 2322 saevos
845 2300 866 2320 κ
898 2287 1034 2330 fugiens
1064 2290 1256 2332 Aegyptios

432 2339 584 2384 Transit,
615 2339 837 2382 Rhenaugiae
865 2353 887 2372 κ
920 2339 997 2373 fixit
1025 2341 1175 2375 tentoria

566 2391 723 2425 Ducente
751 2391 891 2426 Christo
919 2395 1100 2434 perpetua.
1169 2391 1174 2393 ”

359 2475 392 2509 7.
435 2471 542 2510 Unde
570 2473 644 2508 laus
675 2472 805 2514 debita,
833 2485 854 2505 ÷÷
888 2473 1008 2515 virtus,
1039 2475 1206 2517 potentia,

434 2525 556 2559 Honor
583 2525 628 2558 sit
655 2525 778 2559 unicae
805 2536 827 2555 ἦε
858 2524 1038 2567 trinaeque
1067 2526 1209 2570 gloriae,

434 2577 528 2620 Quae
554 2576 634 2610 huic
662 2580 732 2610 tam
761 2575 878 2610 nobile
904 2588 926 2608 ÷÷
958 2577 1066 2610 voluit
1095 2577 1211 2611 domui

570 2628 704 2662 Lucere
733 2638 814 2661 suae
841 2628 1016 2671 lampade.

1310 2687 1374 2717 12*
