1652 2872
338 168 379 197 11.
413 168 461 197 De
484 167 620 197 Sanctis.
643 181 682 186 —
705 166 740 195 A.
765 166 886 203 Hymni
909 165 948 194 de
971 167 1096 196 Sanctis
1120 168 1318 198 Communes.
1469 169 1539 206 131

116 275 154 308 3.
198 272 265 307 Hic
293 281 416 314 nempe
443 271 562 306 mundi
590 270 716 314 gaudia
864 275 897 305 o'.
940 271 994 304 Ex
1023 272 1087 305 hoc
1116 271 1212 306 furor
1241 275 1399 308 vesaniae

195 324 243 358 Et
271 323 511 358 blandimenta
539 322 642 356 noxia
942 323 1047 356 Iussit
1074 325 1197 366 perimi
1225 329 1410 367 martyrem

196 376 337 410 Caduca
364 375 431 408 rite
461 375 630 417 deputans
941 374 1142 418 Iustumque
1169 377 1275 411 terris
1304 377 1413 423 obrui,

194 426 357 462 Pervenit
385 426 429 460 ad
459 426 635 460 caelestia.
942 427 1047 468 Quem
1078 437 1184 470 regna
1212 429 1296 462 caeli
1327 430 1514 465 continent.

115 542 150 577 4.
197 540 353 582 Tempsit
381 539 519 582 tyranni
550 538 697 580 vincula,
865 539 896 573 7.
942 539 1007 572 Hic
1036 549 1097 572 nos
1126 544 1308 582 precantes
1338 543 1512 585 supplices

194 591 298 625 Diras
327 594 478 634 catenas,
508 590 655 624 verbera
941 590 989 624 Te
1017 591 1202 633 poscimus⁷
1232 592 1396 635 piissime,

193 643 239 677 Et
269 652 352 677 voce
381 643 475 676 clara
503 642 638 676 nuntiat
942 642 981 675 In
1011 642 1076 676 hoc
1105 643 1280 685 triumpho
1309 646 1470 688 martyris

194 694 305 728 Deum
335 704 471 728 creasse
499 694 625 728 omnia.
940 694 1086 728 Dimitte
1113 705 1237 729 noxam
1266 697 1424 739 servulis,

115 811 153 844 5.
197 810 328 844 Poenas
358 807 509 842 cucurrit
538 806 677 842 fortiter
863 808 898 843 8.
941 808 988 843 Ut
1016 812 1151 851 partem
1180 810 1252 843 eius
1280 809 1432 843 muneris

194 861 241 895 Et
270 860 409 894 sustulit
439 860 599 903 viriliter⁷
939 860 1186 894 Hereditemur
1213 862 1363 907 congrui,

195 913 262 946 Pro
291 916 324 945 te
353 911 530 946 effundens
559 912 758 955 sanguinem
944 912 1129 946 Laetemur
1157 913 1191 946 in
1221 918 1426 956 perpetuum

193 965 348 999 Aeterna
378 964 468 998 dona
496 964 663 1007 possidet.
943 965 1056 999 Iuncti
1085 966 1241 1008 polorum
1270 965 1380 1000 atriis.

197 1089 289 1117 Brev.
321 1097 377 1116 nis.
400 1087 505 1117 Vallis
527 1088 718 1126 Travagliae
749 1097 830 1117 saec.
856 1086 903 1117 11.
950 1087 1023 1117 Cod.
1048 1088 1150 1126 Capit.
1174 1088 1387 1117 mediolanen.
1414 1087 1481 1117 155.
1505 1089 1542 1117 A.

114 1146 154 1150 -—
175 1129 325 1158 Manuale
353 1139 410 1158 ms.
433 1129 672 1158 Mediolanense
702 1138 783 1159 saecu
816 1127 862 1158 13.
908 1129 980 1158 Cod.
1006 1129 1208 1159 Ambrosiam.
1233 1130 1256 1159 C
1288 1128 1327 1158 23
1358 1130 1411 1159 inf.
1439 1131 1471 1159 B.
1503 1147 1542 1151 —

113 1171 213 1200 Psalt.
237 1174 268 1199 et
290 1172 408 1209 Hyinn.
431 1181 488 1200 mS.
513 1171 544 1200 S.
569 1171 699 1208 Georgii
722 1173 754 1199 in
778 1171 904 1199 Palatio
929 1179 1009 1199 saec.
1036 1168 1081 1199 13.
1129 1171 1204 1200 Cod.
1228 1172 1429 1203 Ambrosian,
1452 1172 1479 1200 E
1504 1170 1540 1200 71

115 1214 134 1242 b
164 1213 218 1242 inf.
248 1213 282 1242 C.
316 1231 355 1234 —
384 1213 502 1250 Hymn.
533 1222 590 1241 ins.
613 1213 802 1241 Monasterii
824 1213 1017 1241 Parisiensis
1047 1221 1128 1242 saec.
1159 1211 1206 1241 12.
1251 1213 1327 1241 Cod.
1351 1213 1542 1243 colman-iem.

112 1252 184 1283 442.
209 1255 248 1283 D.
271 1270 311 1274 —-
334 1256 426 1283 Brev.
449 1264 506 1283 ms.
530 1254 743 1283 Altovadense
766 1263 846 1282 saec.
874 1251 919 1282 14.
944 1255 986 1282 in.
1031 1255 1106 1283 Cod.
1130 1254 1317 1283 Altovaden.
1342 1255 1405 1284 CV.
1429 1255 1468 1284 E.

200 1294 233 1331 l,
263 1293 282 1324 3
306 1298 478 1333 martyrum
502 1296 535 1325 C.
558 1312 599 1315 —
622 1293 657 1330 2,
685 1293 705 1324 4
727 1295 921 1324 Effusionem
947 1296 982 1324 B.
1005 1311 1043 1316 —-
1067 1294 1102 1331 4,
1130 1293 1148 1324 3
1172 1297 1322 1324 nuntians
1347 1298 1379 1325 C.
1402 1313 1442 1316 —
1466 1295 1501 1331 6,
1525 1295 1544 1325 2

114 1340 270 1375 martyres
293 1337 326 1367 C.
349 1353 389 1356 -—
411 1336 439 1370 6.
463 1336 482 1367 3
507 1338 677 1375 Iustusque
700 1337 747 1374 A3
772 1338 908 1366 obruens
932 1337 1013 1366 ΑΒΕ
1036 1336 1132 1373 (wiire
1156 1338 1315 1366 eventnell
1340 1338 1396 1366 auf
1418 1336 1539 1375 „fni-or*

855 1377 872 1385 ‚-

114 1389 153 1408 zu
176 1378 350 1413 beziehen).
372 1395 411 1399 -
434 1377 468 1414 6,
498 1377 518 1407 4
541 1380 707 1408 continens
730 1379 766 1408 A.
791 1394 828 1398 --
861 1384 888 1412 t,
922 1377 935 1407 1
962 1379 1046 1407 Hinc
1070 1379 1107 1407 E.
1133 1396 1172 1399 —
1194 1377 1229 1411 8,
1265 1378 1277 1406 l
1304 1384 1423 1417 partem
1447 1379 1540 1408 huius

114 1421 184 1450 DE.
196 1437 236 1440 —
253 1418 281 1456 8,
301 1419 320 1449 2
332 1420 577 1450 Haereditemus
590 1420 687 1449 ΑΒΕ.
704 1436 744 1441 -
760 1421 816 1449 Ais
831 1421 1010 1457 Doxologie
1026 1421 1121 1458 fiigen
1135 1421 1247 1450 BCDE
1265 1421 1329 1449 bei:
1348 1421 1457 1450 Gloria
1474 1422 1542 1455 tibi,

114 1463 262 1497 Domine,
281 1461 287 1498 Ι
307 1462 418 1492 Gloria
439 1463 616 1501 unigenito.
639 1478 679 1481 —
698 1462 807 1491 Durch
830 1462 1016 1499 Einfiigung
1033 1461 1066 1498 je
1090 1463 1177 1490 einer
1194 1462 1329 1499 Strophe
1352 1463 1433 1491 nach
1452 1462 1542 1498 jeder

114 1503 250 1542 strophe
274 1505 328 1533 des
344 1504 590 1543 Originalliedes
613 1503 719 1532 wurde
742 1503 793 1532 die
810 1501 966 1532 Aelztzahl
992 1503 1047 1532 der
1062 1504 1210 1541 Hymnen
1226 1504 1280 1532 des
1296 1503 1338 1531 hl.
1356 1504 1542 1532 Ambrosius

115 1546 232 1575 erzielt.
266 1561 307 1566 —-
329 1547 401 1575 &Vie
432 1546 529 1574 sehon
559 1547 662 1583 einige
685 1545 786 1579 Male⁷
818 1545 915 1573 sehen
946 1546 1004 1573 wir
1032 1545 1111 1573 auch
1144 1542 1213 1574 hier
1239 1545 1290 1573 die
1316 1542 1544 1574 cisterciense?-

114 1587 166 1617 ‹lie
187 1587 420 1616 Mailfindische
441 1586 744 1623 (Ambrosianische)
766 1587 858 1615 Form
882 1586 1071 1615 aufnehmen
1093 1586 1169 1625 (vgl.
1194 1587 1248 1615 Nr.
1273 1585 1311 1615 75
1334 1586 1398 1615 und
1419 1584 1480 1621 87).

576 1772 650 1804 115.
686 1772 727 1804 Iu
750 1772 857 1805 unius
880 1772 1070 1812 Martyris.

363 1889 396 1924 1.
441 1890 580 1933 Martyr
607 1889 757 1933 egregie,
787 1889 860 1923 Deo
891 1889 1030 1931 dilecte,

438 1942 495 1975 Ad
524 1945 558 1975 te
587 1942 813 1976 clamantium
843 1951 944 1975 voces
972 1946 1111 1976 tuorum

440 1993 615 2037 Propitius
643 1992 739 2036 audi,
769 1997 888 2028 sancte
917 1992 1057 2036 Georgi.

363 2121 396 2155 2.
437 2119 488 2153 Tu
516 2129 580 2162 per
606 2119 786 2153 innumera
813 2118 933 2152 mortis
962 2121 1136 2153 tormenta

442 2171 631 2214 Triumpho
659 2170 764 2205 nobili
794 2170 1028 2215 promeruisti,

441 2223 590 2267 Martyr,
619 2223 764 2257 militiae
791 2221 937 2266 signifer
966 2231 1053 2257 esse.

340 2338 399 2373 ’3.
442 2337 540 2371 Vana
566 2337 729 2371 iudicasti
759 2335 883 2379 gaudia
911 2335 1031 2369 mundi

438 2389 486 2423 Et
512 2389 734 2424 transitoriae
763 2387 878 2421 dulcia
905 2388 997 2420 vitae

441 2441 578 2475 Memor
606 2440 734 2475 Christi
762 2439 812 2473 tui
839 2442 953 2472 mente
981 2439 1124 2481 liquisti.

366 2557 401 2591 4.
443 2555 546 2590 Unde
575 2564 638 2597 pro
666 2554 799 2587 meritis
828 2550 940 2594 fulges
969 2552 1004 2585 in
1033 2552 1138 2585 caelis

442 2607 493 2642 Ut
519 2606 610 2639 inter
637 2606 755 2639 sidera
782 2604 834 2638 sol
863 2607 965 2646 atque
992 2604 1084 2646 luna,

446 2659 568 2693 Certus
596 2657 663 2690 iam
692 2656 849 2699 praemii,
879 2665 942 2698 pro
970 2665 1035 2697 quo
1065 2656 1216 2689 certasti.

1311 2712 1354 2743 9*
