1652 2872
107 141 182 178 276

137 249 169 281 5.

147 2374 181 2407 8.

481 140 560 168 Pars
584 138 625 168 11.
669 139 853 177 Hymnodia
875 136 1167 168 Hiberno-Celtica.

211 244 382 280 Excelsus
410 244 530 278 mundi
558 244 752 278 machinam

218 295 429 331 Praevidens
458 299 491 328 et
519 295 746 337 harmoniam,

215 348 355 383 Caelum
386 350 419 380 et
447 352 575 381 terram
604 346 746 391 fecerat,

212 399 322 445 Mare,
353 409 458 441 aquas
489 399 704 441 condiderat,

212 450 408 485 Herbarum
451 460 585 494 quoque
626 451 790 493 germina,

214 503 451 546 virgultorum
480 502 677 546 arbuscula,

214 553 341 598 Solem,
371 555 489 589 lunam
516 564 558 589 ac
583 555 711 600 sidera,

213 607 332 650 Ignem
362 616 403 640 ac
430 606 639 651 necessaria,

210 658 314 703 Aves,
346 659 461 702 pisces
489 662 523 691 et
548 667 687 701 pecora,

211 711 359 755 Bestias,
387 710 562 751 animalia,

213 762 397 796 Hominem
428 762 563 795 demum
593 770 714 804 regere

211 814 495 858 Protoplaustum
538 812 790 856 praesagmine.

212 958 332 994 Factis
360 959 463 992 simul
488 957 674 1002 sideribus,

213 1011 378 1048 Aetheris
406 1009 648 1049 luminaribuS,

214 1063 519 1098 conlaudaverunt
548 1061 661 1104 angeli

213 1115 367 1150 Factura
395 1124 459 1157 pro
488 1113 640 1148 mirabili

213 1169 406 1203 Immensae
453 1166 553 1200 molis
593 1165 791 1208 Dominum,

213 1218 380 1263 Opificem
410 1219 620 1262 caelestium,

214 1271 405 1307 Praeconio
431 1270 612 1316 laudabili,

213 1323 341 1359 Debito
369 1326 403 1357 et
430 1322 599 1358 immobili

216 1376 463 1418 Conoentuque
492 1375 630 1418 egregio

215 1428 341 1464 Grates
365 1431 508 1471 egerunt
536 1427 686 1461 Domino

216 1483 345 1516 Amore
373 1484 408 1514 et
434 1479 594 1521 arbitrio,

214 1533 294 1567 Non
323 1536 469 1567 naturae
499 1531 657 1567 donari0.

217 1666 397 1704 Grassatis
425 1666 547 1709 primis
576 1664 709 1700 duobus

216 1719 444 1762 Seductisque
471 1711 679 1764 paefntibus

217 1771 376 1807 Secundo
403 1771 471 1805 ruit
501 1770 659 1805 diabolus

219 1826 304 1860 Cum
333 1824 403 1857 suis
432 1823 653 1865 satellitibus,

219 1877 370 1919 Quorum
398 1875 543 1909 horrore
572 1874 727 1909 vultuum

219 1928 378 1971 Sonoque
406 1927 624 1962 volitantium

221 1981 536 2015 Consternarentur
564 1979 719 2014 homines

218 2033 317 2067 Metu
344 2031 457 2066 territi
487 2029 640 2074 fragiles,

219 2084 298 2118 Non
327 2084 481 2118 valentes
510 2082 708 2117 carnalibus

221 2137 318 2170 Haec
344 2135 472 2169 intueri
500 2135 642 2179 visibus,

221 2188 285 2229 Qui
320 2197 410 2221 nunc
447 2187 598 2229 ligantur
634 2185 798 2229 fascibus,

221 2238 483 2282 Ergastulorum
513 2237 671 2273 nexibus.

221 2372 294 2408 Hic
322 2372 479 2406 sublatus
507 2381 524 2406 e
551 2372 667 2406 medio

225 2425 388 2459 Deiectus
418 2427 469 2457 est
496 2434 516 2458 a
543 2423 702 2469 Domino,

226 2477 331 2512 Cuius
359 2476 449 2510 aeris
475 2476 624 2518 spatium

228 2527 454 2570 Constipatur
482 2527 670 2561 satellitum

227 2579 339 2614 Globo
366 2577 590 2613 invisibilium

225 2631 382 2666 Turbido
410 2630 651 2674 perduellium,

859 1342 920 1377 10.

865 2063 923 2098 11.

957 243 1011 277 Ne
1038 241 1136 276 malis
1165 237 1424 280 exemplaribus

958 294 1087 330 Imbuti
1115 302 1155 326 ac
1182 289 1372 324 sceleribus

959 346 1074 380 Nullis
1101 352 1250 386 unquam
1276 338 1472 384 tegentibus

959 397 1098 440 Saeptis
1126 405 1167 430 ac
1195 392 1391 438 parietibus

959 449 1232 483 Fornicarentur
1261 445 1416 479 homines

960 501 1079 535 Palam
1107 499 1259 533 omnium
1286 496 1408 531 oculis.

959 634 1137 669 Invehunt
1161 632 1269 667 nubes
1298 631 1436 675 pontias

958 687 1013 721 Ex
1041 684 1195 720 font-ibus
1223 683 1414 718 brumalias

959 737 1087 772 Tribus
1115 735 1401 779 profundioribus

960 790 1089 824 Oceani
1119 788 1348 823 dodrantibus

960 841 1083 883 Maris,
1114 840 1202 874 caeli
1231 838 1440 880 climatibuS,

960 892 1139 927 Caeruleis
1168 891 1366 926 turbinibus

961 943 1168 979 Profuturas
1196 943 1377 986 segitibus,

962 997 1081 1031 Vincis
1110 998 1144 1029 et
1172 995 1396 1039 germinibus,

960 1049 1123 1093 Agitatae
1151 1046 1346 1082 flaminibus

961 1100 1150 1135 Thesauris
1179 1098 1448 1143 emergentibus,

960 1154 1094 1197 Quique
1121 1153 1269 1195 paludes
1297 1151 1449 1186 marinas

960 1206 1144 1240 Evacuant
1172 1205 1380 1248 reciprocas.

962 1340 1113 1376 Kaduca
1140 1350 1180 1374 ac
1209 1339 1391 1382 tyrannica

962 1393 1156 1437 Mundique
1184 1395 1423 1426 momentanea

963 1446 1095 1488 Regum
1124 1444 1321 1488 praesentis
1349 1444 1461 1487 gloria

965 1498 1060 1532 Nutu
1088 1498 1155 1532 Dei
1185 1497 1366 1543 deposita3

964 1550 1068 1593 Ecce,
1098 1551 1253 1594 gigantes
1282 1558 1418 1593 gemere

964 1602 1034 1637 Sub
1064 1602 1162 1646 aquis
1191 1612 1313 1646 magno
1341 1601 1458 1636 ulcere

965 1654 1257 1698 Comprobantur,
1286 1653 1448 1688 incendio

964 1707 1078 1742 Aduri
1106 1717 1147 1740 ac
1175 1705 1349 1749 supplicio

967 1760 1086 1803 Cocyti
1114 1769 1180 1802 que
1207 1758 1453 1803 charybdibus

966 1811 1181 1854 strangulati
1204 1809 1433 1854 turgentibus,

967 1864 1094 1907 Scyllis
1123 1863 1252 1898 obtecti
1281 1861 1444 1897 fluctibus

966 1916 1158 1951 Eliduntur
1187 1919 1220 1949 et
1248 1914 1442 1959 scrupibus.

968 2060 1113 2104 Ligatas
1141 2071 1248 2104 aquas
1277 2059 1424 2094 nubibus

966 2114 1184 2156 Frequenter
1205 2111 1345 2146 crebrat
1364 2112 1544 2154 Dominus,

967 2165 1014 2200 Ut
1042 2174 1086 2198 ne
1114 2168 1296 2208 erumpant
1323 2164 1482 2208 protinus

967 2216 1076 2251 Simul
1105 2217 1218 2258 ruptis
1247 2216 1415 2259 obicibus,

966 2268 1116 2310 Quarum
1147 2268 1365 2302 uberioribus

965 2318 1074 2356 Venis
1102 2320 1196 2353 velut
1223 2318 1388 2353 uberibus

968 2371 1186 2406 Pedetentim
1217 2371 1417 2405 natantibus

967 2423 1057 2458 Telli
1086 2432 1149 2465 per
1177 2426 1309 2456 tractus
1338 2422 1437 2457 istius

969 2473 1103 2508 Gelidis
1131 2484 1171 2508 ac
1201 2473 1414 2508 ferventibus

968 2525 1126 2560 Diversis
1154 2525 1188 2559 in
1218 2525 1431 2568 temporibus

969 2577 1124 2620 Usquam
1149 2576 1296 2612 influunt
1322 2576 1465 2612 flumina

971 2629 1153 2671 Nunquam
1183 2627 1390 2664 deficientia.
