1652 2872
125 154 166 182 ΙΙ.
202 153 249 181 De
273 151 408 181 Sanctis
432 165 473 168 —
496 149 530 177 B.
564 147 685 184 Hymni
708 145 746 174 de
769 145 895 174 Sanctis
917 145 1054 183 Proprii.
1099 146 1147 175 De
1170 155 1193 175 s.
1220 144 1391 184 Stephano.

370 273 442 304 199.
477 270 661 313 „Hymnus
684 268 727 299 de
750 267 929 300 Passione
953 276 983 300 s.
1008 267 1226 309 Stepliani.“

362 421 392 455 1.

364 1456 398 1489 ρ’(

518 324 696 360 Hymnus
720 320 893 350 Notkeri
917 322 1096 352 Balbuli.

436 417 571 453 Primus
603 425 644 449 ex
673 419 805 458 septem
834 415 945 448 niveis
974 416 1141 450 columnis

437 472 467 503 A
498 470 604 502 Petro
633 467 763 500 electus
792 466 988 509 Stephanus
1018 467 1119 501 beato

441 522 531 554 Voce
559 519 613 553 vel
643 519 750 561 signis
779 519 956 552 medicans
985 519 1128 554 misellis

611 571 730 605 Claret
757 570 793 604 in
821 570 916 606 orbe.

438 675 503 718 Qui
532 674 629 708 brevi
658 673 767 708 verbo
796 674 970 716 replicans
998 674 1117 717 priora

439 728 683 761 Persecutores
713 726 831 760 docuit
858 727 992 769 piorum

439 779 528 814 Esse
556 778 705 814 Iudaeos
733 781 910 821 probitate
939 789 1054 813 cassos

586 830 755 873 Felleque
783 830 916 873 plenos.

389 962 396 970 .
439 935 513 969 Nec
541 944 666 968 novum
696 934 790 977 quid,
821 934 911 977 quod
943 934 1125 969 Dominum
1151 933 1270 969 furore

440 987 553 1029 Impio
582 986 626 1020 ad
655 996 802 1029 poenam
832 985 944 1020 crucis
972 987 1196 1033 impulerunt,

440 1039 524 1073 Cum
554 1038 742 1081 prophetas
772 1038 827 1072 vel
856 1038 1075 1080 patriarchas
1103 1043 1184 1073 ante

584 1090 697 1132 Saepe
724 1094 899 1126 necarent.

438 1194 541 1228 Hisce
570 1204 633 1236 pro
663 1193 779 1236 dictis,
809 1193 891 1226 licet
918 1193 1122 1237 angelorum

440 1246 505 1280 vllle
533 1244 682 1288 fulgeret
711 1245 800 1279 facie
830 1246 987 1291 decorus,

441 1297 511 1332 Ceu
539 1296 723 1341 profanum
753 1297 931 1331 moenibus
962 1297 1058 1332 urbis
1087 1297 1179 1331 altae

585 1349 780 1384 Eiciebant.

442 1454 537 1489 Sauli
565 1454 627 1488 sed
658 1463 760 1488 curae
788 1453 950 1488 induvias
980 1454 1144 1497 calentes,

439 1506 492 1540 Ne
521 1506 621 1549 piger
649 1504 766 1540 forsan
797 1505 894 1539 furor
922 1506 1110 1548 impeditus

441 1558 592 1592 Tardius
620 1564 775 1592 sanctum
805 1559 962 1592 lacerare
990 1563 1121 1602 posset,

588 1610 843 1654 Deposuerunt.

443 1714 530 1748 Turn
558 1715 676 1748 volant
705 1713 820 1747 crebri
849 1714 984 1756 lapides
1013 1724 1076 1757 per
1102 1725 1205 1749 auras

444 1767 559 1799 Instar
586 1765 735 1809 ingentis
764 1766 904 1808 pluviae
932 1767 985 1800 vel
1014 1766 1146 1812 imbris,

446 1818 572 1852 Vineae
598 1818 736 1852 tandem
767 1818 878 1852 sterili
906 1819 1056 1862 negandi

586 1870 702 1913 Atque
731 1870 886 1906 nocivae.

445 1973 513 2008 Sed
542 1976 655 2007 tamen
682 1978 821 2007 sanctus
850 1973 980 2017 pietate
1007 1975 1128 2017 plenus

445 2026 663 2060 Persecutori
691 2026 825 2060 veniam
855 2030 1020 2069 precatur

444 2079 560 2121 Atque
585 2087 649 2121 pro
679 2078 795 2112 erudis
823 2078 978 2121 lapidum
1008 2078 1118 2112 ruinis

589 2131 722 2164 Pronus
750 2129 886 2165 adorat.

445 2233 536 2267 Huic
564 2233 608 2267 ad
638 2235 831 2279 exemplum
860 2234 954 2268 Deus
982 2234 1058 2277 ipse
1085 2244 1246 2277 magnum

444 2286 624 2320 Praestitit
651 2295 688 2319 se
718 2285 1013 2330 conspiciendum,
1043 2287 1135 2320 omni

446 2337 590 2371 Saeculo
619 2338 711 2381 quod
740 2336 923 2381 profuerit,
953 2343 1059 2381 caput
1087 2348 1149 2372 ceu

590 2390 852 2432 Martyriorum.

452 2483 541 2516 Nam
571 2483 646 2525 quis
675 2482 817 2516 audebit
847 2482 1019 2524 dubitare,
1049 2491 1125 2516 sese

445 2535 544 2577 Quod
573 2536 667 2569 Deus
695 2538 811 2568 servet
838 2535 916 2576 pius
944 2535 979 2567 in
1005 2534 1171 2579 futurum,

445 2585 590 2628 Quando
616 2587 652 2620 in
682 2586 857 2628 praesenti
882 2585 1058 2629 Stephano
1087 2586 1275 2620 videndum

594 2637 759 2671 Praebuit
786 2638 873 2681 ipse,

1435 145 1457 180 [0

1461 143 1499 179 ΕΟ
