1652 2872
129 1227 164 1262 ’EO

465 684 504 731 Ι.
554 684 629 731 De
663 684 770 731 Deo
805 686 857 731 et
892 683 957 731 de
990 683 1168 731 Beata.

403 890 478 923 214.
514 891 673 930 Hymnus
697 889 818 922 sancti
842 889 980 921 Hilarii
1003 889 1046 921 (le
1071 889 1231 921 Christo.

206 977 381 1020 Hymuum
398 977 491 1010 dieat
507 976 609 1010 turba
625 975 784 1019 fratrum,

258 1029 420 1072 hymnum
458 1032 579 1062 cantus
609 1032 783 1071 personet,

206 1080 346 1115 Christo
375 1081 448 1123 regi
478 1081 723 1114 concinnantes

258 1132 397 1166 laudem
427 1133 547 1167 demus
575 1131 741 1169 debitam,

208 1225 260 1259 Tn
290 1226 354 1260 Dei
384 1226 427 1260 de
456 1227 562 1260 corde
591 1226 747 1270 verbum,

258 1283 294 1311 tu
323 1278 391 1322 via,
421 1282 457 1312 tu
488 1278 627 1323 veritas,

206 1331 300 1365 Iesse
330 1330 429 1373 virga
456 1335 493 1364 tu
522 1331 669 1375 vocaris,

256 1386 290 1415 te
318 1383 451 1416 leonem
481 1383 639 1426 legimus,

208 1476 341 1510 Dextra
356 1476 479 1519 patriS,
500 1485 598 1510 mons
617 1479 650 1509 et
666 1486 787 1519 agnus,

258 1529 435 1572 angularis
463 1532 500 1562 tu
530 1529 633 1572 lapis,

205 1581 360 1625 Sponsus
399 1580 492 1615 idern
530 1581 584 1614 vel
615 1580 784 1625 columba,

254 1631 404 1676 flamma,
435 1636 566 1676 pastor,
595 1633 711 1667 ianua.

207 1726 246 1760 In
275 1727 456 1770 prophetis
484 1727 651 1761 inveniris

258 1783 377 1812 nostro
405 1782 505 1813 natus
534 1779 683 1821 saeculo,

208 1831 302 1864 Ante
329 1831 445 1865 saecla
473 1834 509 1864 tu
539 1830 635 1865 fuisti

260 1881 373 1917 factor
399 1883 505 1928 primi
533 1883 675 1918 saeculi.

210 1976 340 2010 Factor
373 1976 481 2022 caeli,
518 1980 634 2011 terrae
664 1975 787 2023 factor,

260 2033 489 2072 congregator
518 2032 555 2062 tu
582 2029 699 2074 maris,

208 2080 437 2123 Omniumque
465 2084 502 2114 tu
531 2084 677 2120 creator,

261 2142 348 2174 quae
376 2136 478 2175 pater
505 2132 603 2166 nasci
630 2131 737 2167 iubet.

209 2224 362 2267 Virginis
394 2228 555 2267 receptus
584 2224 748 2258 membris

261 2275 436 2310 Gabrielis
465 2276 597 2319 nuntio,

209 2327 345 2362 Crescit
382 2328 479 2361 alvus
517 2327 615 2370 prole
643 2331 788 2372 sancta3

260 2389 322 2413 nos
350 2388 530 2413 monemur
559 2379 704 2413 credere

207 2472 295 2507 Rem
322 2482 447 2507 novam
475 2481 538 2506 nec
566 2475 646 2506 ante
665 2472 787 2515 visam,

260 2524 428 2567 virginem
457 2533 678 2567 puerperam.

208 2576 307 2610 Tunc
333 2575 424 2618 magi
452 2575 588 2609 stellam
617 2576 726 2609 secuti

260 2627 363 2670 primi
404 2628 553 2661 adorant
592 2628 787 2671 parvulum,

878 977 911 1010 8.

857 1476 915 1512 10.

851 1727 911 1761 11.

855 1978 913 2012 12.

856 2225 914 2259 13.

855 2473 914 2507 14.

955 975 1146 1010 Offerentes
1175 980 1230 1010 tus
1259 980 1293 1008 et
1320 986 1441 1009 aurum

1007 1027 1111 1071 digna
1139 1028 1212 1070 regi
1240 1037 1393 1063 munera.

952 1080 1036 1114 Mox
1064 1079 1196 1113 Herodi
1237 1080 1428 1113 nuntiatum
1459 1082 1532 1122 est3

1004 1131 1164 1166 invidens
1192 1132 1368 1174 potentiae

957 1225 1043 1259 Tum
1072 1224 1167 1259 iubet
1196 1235 1323 1268 parvos
1353 1225 1480 1270 necari,

1009 1278 1146 1311 turbam
1176 1275 1259 1311 fecit
1286 1282 1489 1320 martyrum.

955 1329 1084 1363 Fertur
1111 1327 1227 1364 infans
1256 1330 1478 1371 occulendus,

1009 1382 1081 1416 Nih·
1109 1380 1236 1416 flumen
1266 1391 1333 1425 quo
1359 1380 1447 1424 fluit,

959 1477 1025 1518 Qui
1063 1475 1215 1510 refertur
1252 1480 1330 1519 post
1359 1475 1532 1509 Herodem

1010 1528 1216 1562 nutriendus
1245 1528 1432 1563 Nazareth.

956 1580 1070 1615 Multa
1092 1590 1234 1625 parvus,
1265 1581 1373 1614 multa
1392 1580 1530 1614 adultus

1009 1633 1108 1675 signa
1137 1631 1219 1666 fecit
1249 1633 1406 1677 caelitus,

954 1726 1050 1768 Quae
1078 1727 1189 1760 latent
1217 1730 1250 1760 et
1269 1736 1357 1769 quae
1376 1726 1534 1769 leguntur

1007 1788 1123 1813 coram
1152 1779 1270 1812 multis
1299 1777 1468 1821 testibus;

952 1831 1166 1865 Praedicans
1205 1831 1356 1865 caeleste
1392 1839 1532 1873 regnum

1008 1883 1103 1917 dicta
1132 1881 1233 1918 factis
1285 1882 1479 1927 approbat·

956 1976 1099 2011 Debiles
1129 1975 1214 2011 facit
1242 1977 1369 2021 vigere,

1009 2038 1129 2063 caecos
1157 2029 1234 2062 luce
1262 2029 1446 2069 illuminat,

958 2080 1082 2114 Verbis
1097 2085 1223 2124 purgat
1232 2081 1352 2123 leprae
1364 2079 1533 2122 morbum,

1008 2136 1162 2166 mortuos
1191 2134 1386 2168 resuscitat.

958 2225 1052 2258 Pane
1074 2225 1190 2267 quino,
1219 2225 1315 2268 pisce
1343 2225 1425 2259 bino

1008 2277 1157 2319 quinque
1185 2277 1295 2319 pascit
1324 2277 1419 2311 milia

956 2328 1002 2361 Et
1044 2326 1154 2361 refert
1195 2327 1389 2371 fragmenta
1430 2338 1535 2362 cenae

1008 2384 1062 2412 ter
1089 2380 1267 2422 quaternis
1297 2380 1480 2427 corbibu53

957 2471 1075 2505 Turba
1104 2481 1146 2506 ex
1174 2472 1265 2505 omni
1295 2473 1533 2508 discumbente

1008 2523 1119 2565 iugem
1149 2523 1287 2557 laudem
1316 2526 1472 2566 pertulit.

958 2574 1149 2608 Duodecim
1177 2575 1271 2609 viros
1299 2576 1473 2618 probavit,

1008 2635 1071 2668 per
1099 2635 1183 2668 quos
1212 2626 1282 2660 vita
1313 2627 1470 2671 discitur,
