1652 2872
179 147 221 175 11.
254 146 302 175 De
326 145 462 175 Sanctis.
487 162 524 166 -—
548 146 584 173 B.
608 143 726 181 Hymni
750 143 789 170 de
811 142 940 171 Sanctis
963 143 1099 180 proprii.
1147 144 1192 171 De
1217 153 1239 172 s,
1265 144 1400 173 Iuliana.
1484 143 1550 179 101

131 250 164 286 3.
209 249 436 284 Gratulentur
464 247 673 283 confluentes

257 302 367 336 omnis
395 310 498 335 sexus
523 300 674 343 ordines,

208 353 438 387 Concinentes
466 362 533 386 una
563 360 646 385 voce

260 405 430 440 canticum
456 403 622 440 laetitiae.

876 248 910 281 4.
940 247 1026 280 Esto
1054 246 1154 281 fortis
1183 246 1313 282 fautrix
1343 247 1486 291 cunetis,

1005 299 1097 332 sanis
1126 303 1228 342 atque
1256 299 1441 344 languidis,

952 350 999 385 Ut
1028 350 1189 384 laudetur
1219 360 1340 385 nomen
1370 351 1499 386 Christi

1002 411 1087 436 aevo
1115 406 1238 436 cuncto
1266 403 1406 439 saeculi.

214 524 277 553 Rit.
309 526 340 552 et,
371 523 488 560 Hyinn.
519 532 575 550 nis,
606 519 854 552 Seheftlariense
886 528 967 550 saec.
994 517 1039 548 lO.
1086 520 1164 549 Clm.
1187 521 1353 549 Monacen.
1380 519 1494 560 17027.
1518 538 1556 542 —-

132 563 160 600 1,
185 562 204 593 3
227 564 371 603 procede.
397 579 435 583 —-
458 563 524 592 Der
545 562 717 591 Rundreim
741 560 793 595 (R)
814 561 895 590 nach
913 560 1004 598 jeder
1027 561 1163 599 Strophe
1186 562 1381 591 wiederholt.
1404 578 1443 582 —
1459 556 1556 591 Uber-

132 606 243 635 schrift
267 603 369 642 „Alii“
399 614 441 633 sc.
467 605 604 641 „Versus
627 603 665 632 de
689 606 799 632 saneta
822 600 984 637 Iuliana“;
1016 600 1083 640 Vgl.
1107 602 1387 641 vorhergehenden
1411 604 1556 641 Hymnus

128 647 191 676 und
208 647 409 684 Bemerkung
431 655 501 674 zum
525 645 703 683 folgenden.
722 660 759 665 —
778 645 889 674 Dieser
907 644 971 673 und
988 644 1043 673 der
1059 644 1319 682 vorausgehende
1334 645 1557 673 Prozessions-

128 689 263 727 hymnus
287 688 358 717 sind
380 689 413 716 in
436 687 491 716 der
506 687 564 716 Hs.
588 685 670 715 ohne
687 683 831 716 Melodie
847 687 1063 725 eingetragen.
1100 686 1195 714 Mone
1211 684 1280 720 (111,
1304 683 1375 722 345)
1393 685 1449 714 hat
1466 685 1557 714 beide

128 740 168 759 zu
190 728 291 759 einem
313 729 506 758 verbunden.

423 934 497 966 169.
532 934 573 965 In
597 934 747 968 sanetae
770 933 936 967 Iulianae
959 933 1064 973 virg.
1090 934 1127 965 et
1152 932 1268 966 Mart.

633 1009 691 1038 Ad
719 1009 1050 1039 processionem.

500 1129 549 1164 R.
590 1130 667 1172 Eia,
697 1128 837 1174 fratres,
868 1128 1081 1163 celebremus

643 1191 752 1224 purae
779 1181 904 1215 mentis
934 1180 1077 1215 vocibus

595 1233 718 1268 Caelos
747 1243 854 1276 supra
881 1233 1055 1267 exaltatae

644 1285 788 1328 virginis
817 1284 1015 1328 praeconia.

134 1404 166 1440 1.
207 1404 295 1447 Ave,
324 1403 433 1447 virgO,
462 1403 660 1447 angelorum

262 1465 403 1489 consors
431 1455 526 1489 mille
553 1456 684 1489 milium

210 1506 348 1541 Sociata
376 1512 408 1541 et
435 1507 488 1541 bis
516 1507 607 1541 senis

263 1559 346 1593 viris
374 1559 586 1602 apostolicis

130 1679 165 1712 2.
207 1677 260 1712 Tu
287 1678 441 1711 concivis
469 1677 718 1721 prophetarum

260 1733 294 1763 et
323 1729 463 1763 coheres
492 1734 694 1774 martyrum,

210 1780 320 1815 Grata
348 1782 462 1816 choris
491 1780 725 1816 confessorum

261 1837 525 1877 sanctarumque
552 1834 733 1878 virginum.

134 1954 166 1989 3.
212 1953 276 1986 His
305 1954 487 1988 coniuncta
515 1964 653 1997 semper
680 1953 759 1988 fave

262 2010 381 2039 sancto
409 2006 644 2040 sublevamine

210 2057 433 2092 Intercedens
459 2068 524 2101 pro
553 2059 734 2092 commisso

261 2109 411 2143 omnium
439 2111 586 2153 piaculo.

904 1432 912 1440 .
955 1403 1004 1437 Te
1034 1406 1198 1445 precante
1227 1411 1342 1445 regem
1370 1411 1488 1444 regum

1007 1454 1195 1488 sentiamus
1223 1453 1399 1496 placidum

954 1506 1177 1548 Iudicemque
1205 1505 1420 1539 saeculorum

1005 1558 1215 1592 indultorem
1245 1557 1437 1591 eriminum.

904 1705 911 1712 .
955 1677 1099 1719 Quando
1129 1677 1225 1711 venis
1254 1679 1501 1719 praeparatum

1005 1729 1117 1763 locum
1147 1728 1192 1763 ad
1220 1727 1486 1772 sanctissimum,

957 1781 1010 1815 Sis
1039 1780 1215 1823 precatrix
1244 1784 1406 1823 prompta
1429 1779 1561 1813 cunctis

1006 1837 1199 1876 temporum
1230 1832 1422 1867 curriculis.

904 1982 911 1989 .
955 1955 1022 1988 Per
1050 1957 1085 1987 te
1112 1962 1266 1987 summae
1294 1952 1442 1986 trinitati

1006 2006 1051 2039 sit
1078 2005 1242 2049 perennis
1271 2005 1382 2047 gloria

954 2058 1056 2092 Nune
1085 2061 1118 2090 et
1145 2066 1282 2101 semper
1303 2060 1337 2090 et
1356 2065 1419 2099 per
1440 2059 1563 2089 cuneta

1006 2110 1221 2144 saeculorum
1249 2109 1398 2144 saecula.

216 2227 279 2256 Rit.
311 2231 341 2256 et
370 2228 486 2265 Hymn.
517 2238 573 2257 ms.
605 2228 852 2258 Sehefflariense
882 2238 963 2258 saec.
994 2227 1041 2257 10.
1086 2228 1165 2257 Clm.
1189 2229 1357 2257 Monaeen.
1384 2225 1500 2256 17027.
1524 2242 1564 2245 »-

134 2269 195 2297 Mit
217 2269 364 2298 Melodie.
386 2285 426 2288 —-
449 2270 579 2298 Refrain
600 2269 651 2307 (R)
671 2269 753 2299 nach
772 2270 862 2308 jeder
886 2270 1032 2308 Strophe.
1056 2285 1097 2289 —
1119 2269 1220 2299 Titel:
1247 2266 1350 2303 „Alii“
1377 2278 1419 2297 se.
1445 2268 1564 2298 Versus

135 2310 173 2338 de
197 2319 220 2338 s.
244 2308 400 2339 Iuliana“.
429 2327 468 2330 —
499 2311 542 2339 Es
566 2311 641 2339 lasst
663 2312 730 2340 sich
762 2311 883 2340 schwer
912 2312 964 2340 die
987 2312 1186 2349 Verniutung
1208 2311 1465 2345 zuriiekweisen,
1495 2308 1565 2338 dass

136 2351 223 2379 nieht
238 2361 297 2380 nur
312 2352 364 2381 die
379 2352 494 2381 beiden
506 2353 788 2391 vorausgehenden
802 2354 960 2390 Hymnen,
977 2353 1113 2381 sondern
1127 2352 1209 2381 auch
1220 2353 1325 2381 dieser
1339 2350 1565 2390 urspriinglich

137 2392 194 2420 auf
212 2392 262 2422 die
277 2393 504 2422 Gottesmutter
519 2395 664 2429 Maria,
688 2394 910 2430 vorliegender
926 2394 1057 2431 speziell
1074 2394 1125 2422 fiir
1143 2395 1199 2423 das
1217 2395 1292 2423 Fest
1307 2393 1391 2422 ihrer
1408 2392 1563 2421 Himmel-

137 2433 220 2462 fabri
248 2435 408 2472 gediehtet
436 2445 542 2464 waren
570 2435 635 2464 und
663 2436 748 2464 danii
779 2435 834 2464 auf
863 2435 1030 2464 Iuliana
1058 2436 1264 2473 angewendet
1288 2435 1425 2466 wurden,
1470 2434 1566 2462 Mone

137 2473 207 2509 (ΙΙΙ,
230 2473 301 2512 345)
329 2477 443 2511 meint‚
476 2476 598 2512 „dieses
623 2477 701 2506 Lied
725 2478 766 2505 ist
788 2477 838 2505 fiir
860 2477 930 2505 eine
954 2475 1072 2505 Kirehe
1094 2477 1257 2514 gemacht,
1288 2477 1385 2506 deren
1407 2476 1566 2504 Patronin

139 2515 270 2545 Juliana
299 2516 396 2554 war“;
428 2527 462 2546 er
489 2518 576 2547 hatte
605 2518 666 2546 den
688 2519 812 2547 Namen
842 2518 896 2545 der
919 2517 1036 2546 Kirehe
1066 2518 1217 2556 beifiigen
1240 2518 1386 2552 konnen,
1417 2526 1508 2545 wenn
1533 2525 1566 2544 er

139 2557 190 2586 die
221 2557 422 2596 Eintragung
453 2560 486 2587 in
516 2559 595 2588 Clm.
628 2560 793 2588 Monacen.
830 2557 938 2587 17072
970 2558 1127 2596 gefunden
1158 2560 1260 2589 hatte:
1298 2560 1381 2596 „Iste
1414 2558 1496 2586 liber
1518 2559 1566 2585 est

141 2601 319 2627 sanctorum
353 2602 525 2637 martyrum
559 2601 708 2638 Dionysii
742 2600 883 2638 episcopi
918 2603 948 2628 et
980 2597 1138 2628 Iulianae
1170 2602 1322 2638 virginis,
1358 2602 1566 2638 patronorum

143 2641 327 2669 monasterii
351 2640 372 2669 S
385 2640 621 2670 eheftlarn.“
