1652 2872
125 125 200 163 252
450 120 528 150 Pars
551 121 575 150 1.
619 121 740 159 Hymni
764 122 978 160 antiquissimi
1003 129 1084 149 saec.
1106 119 1246 148 V.——XI.

436 225 497 262 10.

435 504 494 539 11.

435 784 494 819 12.

433 1064 492 1098 13.

436 1345 494 1380 14.

435 1627 496 1662 15.

434 1908 495 1944 16.

438 2192 497 2227 17.

440 2460 499 2495 18.

537 224 629 259 Hine
655 225 826 261 animatus
853 234 970 261 amore
997 224 1062 259 Dei

537 277 614 311 Rex
641 288 703 312 sua
730 278 819 313 colla
848 278 926 322 iugo
953 276 1034 312 fidei

536 328 700 363 Subdidit
727 333 761 364 et
788 332 976 364 renovante
1002 336 1101 362 sacro

536 380 728 416 Ecclesiam
757 381 864 416 subiit
890 382 1040 416 lavacro.

535 506 584 538 At
610 505 715 539 simili
743 506 872 548 pietate
902 505 1018 548 vigens

535 557 649 600 Ipsius
677 556 813 591 Helena
841 556 900 590 dia
925 565 1052 599 parens

537 609 666 644 Sedula
693 609 736 643 de
765 618 867 643 eruce
896 608 1092 642 continuum

534 661 709 703 Quaerere
736 662 900 703 coeperat
928 659 1105 693 indicium.

542 784 696 818 Plurima
723 785 835 827 gentis
864 787 897 817 et
925 783 1121 818 Hebraicae

535 836 689 869 Iusserat
716 836 854 879 agmina
881 836 1057 879 colligere,

535 888 608 929 Quo
637 887 704 921 sibi
731 891 854 932 sponte
883 887 999 930 palam
1028 885 1171 928 faceret,

535 939 644 973 Tecta
670 940 810 983 negotia
837 949 924 982 quae
953 942 1106 982 cuperet.

535 1063 651 1099 Corda
678 1063 740 1097 sed
769 1064 887 1107 impia,
917 1073 1016 1098 cassa
1043 1062 1122 1103 fide,

534 1115 630 1150 Fixit
657 1115 821 1150 aculueus
854 1116 1006 1151 invidiae

535 1167 725 1211 Suppliciis
750 1178 849 1212 mage
876 1168 968 1203 velle
995 1168 1094 1212 mori,

534 1220 683 1255 Munera
710 1230 812 1264 quam
841 1229 999 1255 reserare
1029 1220 1108 1256 Dei.

536 1346 629 1388 Quos
657 1346 759 1381 simul
787 1347 866 1390 igne
896 1355 1052 1380 cremare
1079 1344 1201 1379 iubens

535 1397 679 1441 Absque
706 1408 803 1433 mora
830 1398 995 1434 basilissa
1022 1400 1145 1441 potens

538 1449 714 1494 Compulit
741 1451 803 1485 hos
833 1449 906 1485 fore
935 1450 1119 1493 veridicos,

537 1503 629 1545 Quos
656 1513 719 1539 sua
746 1501 842 1538 fraus
864 1503 944 1537 tulit
970 1506 1052 1538 ante
1079 1512 1168 1537 reos.

539 1627 686 1662 Nomine
714 1638 860 1672 namque
889 1629 1011 1664 Iudam
1038 1629 1169 1663 socium

537 1679 694 1715 Tradere
726 1681 930 1724 disposuere
957 1691 1077 1724 suum3

536 1731 665 1776 Regius
692 1733 825 1777 hocque
853 1733 935 1768 dato
963 1734 1136 1779 placidam

536 1783 601 1819 His
629 1785 728 1828 vigor
755 1785 913 1820 exhibuit
941 1786 1127 1822 dominam.

537 1910 650 1945 Solius
677 1911 762 1946 inde
788 1911 899 1946 Iudae
925 1912 1022 1947 licito

537 1964 665 2005 Aptius
692 1963 803 1998 utitur
830 1964 978 2011 eloquio,

537 2014 611 2057 Quo
639 2014 706 2049 sibi
733 2015 916 2051 Calvariae
942 2017 1092 2051 loculum
1173 2056 1177 2059 ,

536 2066 725 2110 Detegeret
754 2077 854 2102 cruce
882 2068 1110 2112 magnificum.

540 2191 615 2225 Nec
642 2191 755 2226 minus
783 2192 836 2226 his
864 2203 998 2236 quoque
1025 2195 1164 2229 iudaieo

540 2242 686 2278 Obstitit
708 2244 769 2278 ille
796 2243 914 2279 furens
943 2245 1069 2288 animo,

541 2294 614 2329 Ceu
641 2294 708 2328 sibi
735 2305 804 2330 non
831 2305 871 2331 ea
898 2300 980 2331 nota
1008 2296 1132 2343 forent,

541 2345 687 2381 Saecula
713 2356 801 2390 quae
828 2348 930 2382 modo
960 2352 1083 2383 cuncta
1111 2353 1241 2385 tenent.

542 2459 656 2494 Sensit
682 2464 719 2494 ut
747 2462 832 2496 haec
859 2463 997 2505 sapiens
1026 2463 1175 2509 domina,

540 2511 642 2546 Hunc
667 2512 788 2547 humili
815 2514 964 2556 positum
992 2512 1093 2549 fovea

473 2563 480 2567 “
540 2562 640 2598 Fecit
667 2564 715 2598 ibi
743 2565 834 2600 mala
863 2565 966 2609 digna
993 2567 1078 2609 pati,
