<?xml version="1.0" encoding="UTF-8"?>
<!DOCTYPE html PUBLIC "-//W3C//DTD XHTML 1.0 Transitional//EN"
    "http://www.w3.org/TR/xhtml1/DTD/xhtml1-transitional.dtd">
<html xmlns="http://www.w3.org/1999/xhtml" xml:lang="en" lang="en">
 <head>
  <title>
</title>
<meta http-equiv="Content-Type" content="text/html;charset=utf-8" />
  <meta name='ocr-system' content='tesseract 3.04.00' />
  <meta name='ocr-capabilities' content='ocr_page ocr_carea ocr_par ocr_line ocrx_word'/>
</head>
<body>
  <div class='ocr_page' id='page_1' title='image "./analectahymnica51drevuoft_0199.png"; bbox 0 0 1652 2872; ppageno 0'>
   <div class='ocr_carea' id='block_1_1' title="bbox 81 152 1186 508">
    <p class='ocr_par' dir='ltr' id='par_1_1' title="bbox 81 152 1186 508">
     <span class='ocr_line' id='line_1_1' title="bbox 81 152 1186 191; baseline -0.003 -10"><span class='ocrx_word' id='word_1_1' title='bbox 81 154 154 190; x_wconf 71' lang='lat'>148</span> <span class='ocrx_word' id='word_1_2' title='bbox 390 153 468 181; x_wconf 78' lang='lat' dir='ltr'>Pars</span> <span class='ocrx_word' id='word_1_3' title='bbox 491 154 516 181; x_wconf 92' lang='lat' dir='ltr'>I.</span> <span class='ocrx_word' id='word_1_4' title='bbox 560 153 679 191; x_wconf 71' lang='lat' dir='ltr'>Hymni</span> <span class='ocrx_word' id='word_1_5' title='bbox 703 153 916 191; x_wconf 79' lang='lat' dir='ltr'>antiquissimi</span> <span class='ocrx_word' id='word_1_6' title='bbox 940 161 1021 181; x_wconf 75' lang='lat' dir='ltr'>saec.</span> <span class='ocrx_word' id='word_1_7' title='bbox 1046 152 1084 179; x_wconf 93' lang='lat' dir='ltr'>V.</span> <span class='ocrx_word' id='word_1_8' title='bbox 1099 167 1121 169; x_wconf 36' lang='lat' dir='ltr'>ff</span> <span class='ocrx_word' id='word_1_9' title='bbox 1131 152 1186 179; x_wconf 84' lang='lat' dir='ltr'>XI.</span> 
     </span>
     <span class='ocr_line' id='line_1_2' title="bbox 382 256 942 302; baseline 0 -12"><span class='ocrx_word' id='word_1_10' title='bbox 382 258 418 292; x_wconf 87' lang='lat'>2.</span> <span class='ocrx_word' id='word_1_11' title='bbox 460 256 510 290; x_wconf 90' lang='lat' dir='ltr'>Te</span> <span class='ocrx_word' id='word_1_12' title='bbox 537 256 696 302; x_wconf 89' lang='lat' dir='ltr'>petimus,</span> <span class='ocrx_word' id='word_1_13' title='bbox 726 256 856 300; x_wconf 86' lang='lat' dir='ltr'>pietate</span> <span class='ocrx_word' id='word_1_14' title='bbox 882 259 942 290; x_wconf 86' lang='lat' dir='ltr'>tua</span> 
     </span>
     <span class='ocr_line' id='line_1_3' title="bbox 464 308 984 351; baseline 0 -10"><span class='ocrx_word' id='word_1_15' title='bbox 464 308 589 342; x_wconf 85' lang='lat' dir='ltr'>Intima</span> <span class='ocrx_word' id='word_1_16' title='bbox 617 308 732 343; x_wconf 82' lang='lat' dir='ltr'>cordis</span> <span class='ocrx_word' id='word_1_17' title='bbox 759 312 798 342; x_wconf 89' lang='lat' dir='ltr'>ut</span> <span class='ocrx_word' id='word_1_18' title='bbox 823 308 984 351; x_wconf 63' lang='lat' dir='ltr'>irradies,</span> 
     </span>
     <span class='ocr_line' id='line_1_4' title="bbox 457 359 921 401; baseline 0.002 -8"><span class='ocrx_word' id='word_1_19' title='bbox 457 359 523 401; x_wconf 80' lang='lat' dir='ltr'>Qui</span> <span class='ocrx_word' id='word_1_20' title='bbox 549 359 757 394; x_wconf 81' lang='lat' dir='ltr'>renitescere</span> <span class='ocrx_word' id='word_1_21' title='bbox 787 387 795 396; x_wconf 85' lang='lat'><strong>.</strong></span> <span class='ocrx_word' id='word_1_22' title='bbox 826 389 833 396; x_wconf 95' lang='lat'>.</span> <span class='ocrx_word' id='word_1_23' title='bbox 863 387 871 396; x_wconf 86' lang='lat'><strong>.</strong></span> <span class='ocrx_word' id='word_1_24' title='bbox 900 369 921 394; x_wconf 90' lang='lat' dir='ltr'>a</span> 
     </span>
     <span class='ocr_line' id='line_1_5' title="bbox 459 410 1014 455; baseline -0.002 -10"><span class='ocrx_word' id='word_1_25' title='bbox 459 411 631 455; x_wconf 79' lang='lat' dir='ltr'>Tempora</span> <span class='ocrx_word' id='word_1_26' title='bbox 660 412 721 446; x_wconf 83' lang='lat' dir='ltr'>das</span> <span class='ocrx_word' id='word_1_27' title='bbox 749 410 1014 454; x_wconf 82' lang='lat' dir='ltr'>diadematibus,</span> 
     </span>
     <span class='ocr_line' id='line_1_6' title="bbox 462 461 1134 508; baseline -0.003 -10"><span class='ocrx_word' id='word_1_28' title='bbox 462 462 611 508; x_wconf 85' lang='lat' dir='ltr'>Christe,</span> <span class='ocrx_word' id='word_1_29' title='bbox 639 463 852 506; x_wconf 78' lang='lat' dir='ltr'>redemptor,</span> <span class='ocrx_word' id='word_1_30' title='bbox 881 463 916 496; x_wconf 90' lang='lat' dir='ltr'>in</span> <span class='ocrx_word' id='word_1_31' title='bbox 944 471 1024 497; x_wconf 87' lang='lat' dir='ltr'>arce</span> <span class='ocrx_word' id='word_1_32' title='bbox 1051 461 1134 504; x_wconf 90' lang='lat' dir='ltr'>poli.</span> 
     </span>
    </p>
   </div>
   <div class='ocr_carea' id='block_1_2' title="bbox 379 545 1104 789">
    <p class='ocr_par' dir='ltr' id='par_1_2' title="bbox 379 545 1104 789">
     <span class='ocr_line' id='line_1_7' title="bbox 379 545 1093 590; baseline -0.004 -9"><span class='ocrx_word' id='word_1_33' title='bbox 379 548 413 582; x_wconf 86' lang='lat'>3.</span> <span class='ocrx_word' id='word_1_34' title='bbox 456 547 511 581; x_wconf 83' lang='lat' dir='ltr'>Ex</span> <span class='ocrx_word' id='word_1_35' title='bbox 540 550 641 590; x_wconf 88' lang='lat' dir='ltr'>patre</span> <span class='ocrx_word' id='word_1_36' title='bbox 669 547 726 589; x_wconf 88' lang='lat' dir='ltr'>qui</span> <span class='ocrx_word' id='word_1_37' title='bbox 755 546 851 589; x_wconf 85' lang='lat' dir='ltr'>prius</span> <span class='ocrx_word' id='word_1_38' title='bbox 880 554 916 579; x_wconf 88' lang='lat' dir='ltr'>es</span> <span class='ocrx_word' id='word_1_39' title='bbox 947 545 1093 588; x_wconf 80' lang='lat' dir='ltr'>genitus,</span> 
     </span>
     <span class='ocr_line' id='line_1_8' title="bbox 458 596 1104 643; baseline -0.005 -10"><span class='ocrx_word' id='word_1_40' title='bbox 458 599 566 640; x_wconf 78' lang='lat' dir='ltr'>Quam</span> <span class='ocrx_word' id='word_1_41' title='bbox 594 607 702 643; x_wconf 88' lang='lat' dir='ltr'>mare,</span> <span class='ocrx_word' id='word_1_42' title='bbox 730 601 836 640; x_wconf 88' lang='lat' dir='ltr'>terra,</span> <span class='ocrx_word' id='word_1_43' title='bbox 865 597 966 640; x_wconf 89' lang='lat' dir='ltr'>polus</span> <span class='ocrx_word' id='word_1_44' title='bbox 993 596 1104 639; x_wconf 86' lang='lat' dir='ltr'>fieret,</span> 
     </span>
     <span class='ocr_line' id='line_1_9' title="bbox 458 648 996 693; baseline -0.004 -9"><span class='ocrx_word' id='word_1_45' title='bbox 458 651 539 693; x_wconf 90' lang='lat' dir='ltr'>Ipse</span> <span class='ocrx_word' id='word_1_46' title='bbox 567 649 702 683; x_wconf 84' lang='lat' dir='ltr'>refusus</span> <span class='ocrx_word' id='word_1_47' title='bbox 731 658 767 683; x_wconf 86' lang='lat' dir='ltr'>es</span> <span class='ocrx_word' id='word_1_48' title='bbox 796 658 838 682; x_wconf 81' lang='lat' dir='ltr'>ex</span> <span class='ocrx_word' id='word_1_49' title='bbox 864 648 996 682; x_wconf 88' lang='lat' dir='ltr'>sinibus</span> 
     </span>
     <span class='ocr_line' id='line_1_10' title="bbox 458 700 980 744; baseline -0.004 -9"><span class='ocrx_word' id='word_1_50' title='bbox 458 701 644 744; x_wconf 85' lang='lat' dir='ltr'>Virgineis,</span> <span class='ocrx_word' id='word_1_51' title='bbox 673 704 709 734; x_wconf 89' lang='lat' dir='ltr'>ut</span> <span class='ocrx_word' id='word_1_52' title='bbox 737 700 838 734; x_wconf 83' lang='lat' dir='ltr'>homo</span> <span class='ocrx_word' id='word_1_53' title='bbox 866 700 980 734; x_wconf 88' lang='lat' dir='ltr'>valeat</span> 
     </span>
     <span class='ocr_line' id='line_1_11' title="bbox 459 751 983 789; baseline -0.004 -2"><span class='ocrx_word' id='word_1_54' title='bbox 459 753 606 787; x_wconf 85' lang='lat' dir='ltr'>Nascier</span> <span class='ocrx_word' id='word_1_55' title='bbox 633 751 772 786; x_wconf 84' lang='lat' dir='ltr'>arcibus</span> <span class='ocrx_word' id='word_1_56' title='bbox 801 751 983 789; x_wconf 82' lang='lat' dir='ltr'>aethereis.</span> 
     </span>
    </p>
   </div>
   <div class='ocr_carea' id='block_1_3' title="bbox 378 831 1124 1077">
    <p class='ocr_par' dir='ltr' id='par_1_3' title="bbox 378 831 1124 1077">
     <span class='ocr_line' id='line_1_12' title="bbox 378 831 1121 879; baseline -0.007 -9"><span class='ocrx_word' id='word_1_57' title='bbox 378 836 411 870; x_wconf 89' lang='lat'>4.</span> <span class='ocrx_word' id='word_1_58' title='bbox 455 835 569 875; x_wconf 86' lang='lat' dir='ltr'>Hune,</span> <span class='ocrx_word' id='word_1_59' title='bbox 590 833 679 868; x_wconf 90' lang='lat' dir='ltr'>bone</span> <span class='ocrx_word' id='word_1_60' title='bbox 707 833 857 879; x_wconf 83' lang='lat' dir='ltr'>Christe,</span> <span class='ocrx_word' id='word_1_61' title='bbox 889 833 980 868; x_wconf 88' lang='lat' dir='ltr'>diem</span> <span class='ocrx_word' id='word_1_62' title='bbox 1007 831 1121 866; x_wconf 87' lang='lat' dir='ltr'>tribue</span> 
     </span>
     <span class='ocr_line' id='line_1_13' title="bbox 457 885 998 929; baseline -0.006 -8"><span class='ocrx_word' id='word_1_63' title='bbox 457 886 681 929; x_wconf 82' lang='lat' dir='ltr'>Supplicibus</span> <span class='ocrx_word' id='word_1_64' title='bbox 712 885 892 920; x_wconf 85' lang='lat' dir='ltr'>celebrare</span> <span class='ocrx_word' id='word_1_65' title='bbox 919 885 998 927; x_wconf 88' lang='lat' dir='ltr'>tuis,</span> 
     </span>
     <span class='ocr_line' id='line_1_14' title="bbox 454 935 1124 980; baseline -0.004 -8"><span class='ocrx_word' id='word_1_66' title='bbox 454 938 527 980; x_wconf 79' lang='lat' dir='ltr'>Quo</span> <span class='ocrx_word' id='word_1_67' title='bbox 554 937 679 971; x_wconf 85' lang='lat' dir='ltr'>meruit</span> <span class='ocrx_word' id='word_1_68' title='bbox 709 946 810 971; x_wconf 84' lang='lat' dir='ltr'>sacra</span> <span class='ocrx_word' id='word_1_69' title='bbox 837 936 934 979; x_wconf 87' lang='lat' dir='ltr'>virgo</span> <span class='ocrx_word' id='word_1_70' title='bbox 963 935 1061 979; x_wconf 87' lang='lat' dir='ltr'>polos</span> <span class='ocrx_word' id='word_1_71' title='bbox 1119 971 1124 973; x_wconf 72' lang='grc'>,</span> 
     </span>
     <span class='ocr_line' id='line_1_15' title="bbox 456 987 1047 1032; baseline -0.007 -8"><span class='ocrx_word' id='word_1_72' title='bbox 456 989 642 1031; x_wconf 73' lang='lat' dir='ltr'>Scandere,</span> <span class='ocrx_word' id='word_1_73' title='bbox 673 999 691 1022; x_wconf 85' lang='lat' dir='ltr'>e</span> <span class='ocrx_word' id='word_1_74' title='bbox 720 1018 728 1026; x_wconf 86' lang='lat'>,</span> <span class='ocrx_word' id='word_1_75' title='bbox 759 1016 767 1024; x_wconf 94' lang='lat'><strong>.</strong></span> <span class='ocrx_word' id='word_1_76' title='bbox 797 998 903 1022; x_wconf 88' lang='lat' dir='ltr'>ovans</span> <span class='ocrx_word' id='word_1_77' title='bbox 927 987 1047 1032; x_wconf 90' lang='lat' dir='ltr'>populi</span> 
     </span>
     <span class='ocr_line' id='line_1_16' title="bbox 458 1039 968 1077; baseline -0.002 -1"><span class='ocrx_word' id='word_1_78' title='bbox 458 1041 582 1077; x_wconf 87' lang='lat' dir='ltr'>Contio</span> <span class='ocrx_word' id='word_1_79' title='bbox 610 1039 701 1074; x_wconf 87' lang='lat' dir='ltr'>festa</span> <span class='ocrx_word' id='word_1_80' title='bbox 730 1040 846 1075; x_wconf 82' lang='lat' dir='ltr'>dicata</span> <span class='ocrx_word' id='word_1_81' title='bbox 874 1040 968 1075; x_wconf 82' lang='lat' dir='ltr'>colit.</span> 
     </span>
    </p>
   </div>
   <div class='ocr_carea' id='block_1_4' title="bbox 381 1122 1039 1373">
    <p class='ocr_par' dir='ltr' id='par_1_4' title="bbox 381 1122 1039 1373">
     <span class='ocr_line' id='line_1_17' title="bbox 381 1122 1007 1167; baseline -0.003 -9"><span class='ocrx_word' id='word_1_82' title='bbox 381 1126 414 1160; x_wconf 84' lang='lat'>5.</span> <span class='ocrx_word' id='word_1_83' title='bbox 459 1123 511 1158; x_wconf 89' lang='lat' dir='ltr'>Sit</span> <span class='ocrx_word' id='word_1_84' title='bbox 536 1123 647 1158; x_wconf 90' lang='lat' dir='ltr'>honor</span> <span class='ocrx_word' id='word_1_85' title='bbox 673 1123 813 1157; x_wconf 88' lang='lat' dir='ltr'>inclitus</span> <span class='ocrx_word' id='word_1_86' title='bbox 841 1122 1007 1167; x_wconf 85' lang='lat' dir='ltr'>ingenito,</span> 
     </span>
     <span class='ocr_line' id='line_1_18' title="bbox 459 1174 987 1218; baseline -0.002 -9"><span class='ocrx_word' id='word_1_87' title='bbox 459 1175 511 1210; x_wconf 88' lang='lat' dir='ltr'>Sit</span> <span class='ocrx_word' id='word_1_88' title='bbox 539 1176 597 1218; x_wconf 86' lang='lat' dir='ltr'>pia</span> <span class='ocrx_word' id='word_1_89' title='bbox 624 1175 699 1209; x_wconf 85' lang='lat' dir='ltr'>laus</span> <span class='ocrx_word' id='word_1_90' title='bbox 729 1175 832 1208; x_wconf 81' lang='lat' dir='ltr'>etiam</span> <span class='ocrx_word' id='word_1_91' title='bbox 861 1174 987 1218; x_wconf 84' lang='lat' dir='ltr'>genito,</span> 
     </span>
     <span class='ocr_line' id='line_1_19' title="bbox 459 1226 1039 1270; baseline -0.002 -10"><span class='ocrx_word' id='word_1_92' title='bbox 459 1227 513 1261; x_wconf 82' lang='lat' dir='ltr'>Sit</span> <span class='ocrx_word' id='word_1_93' title='bbox 540 1227 674 1270; x_wconf 87' lang='lat' dir='ltr'>pariter</span> <span class='ocrx_word' id='word_1_94' title='bbox 702 1227 776 1261; x_wconf 86' lang='lat' dir='ltr'>sine</span> <span class='ocrx_word' id='word_1_95' title='bbox 804 1226 873 1261; x_wconf 90' lang='lat' dir='ltr'>fine</span> <span class='ocrx_word' id='word_1_96' title='bbox 896 1235 1039 1260; x_wconf 84' lang='lat' dir='ltr'>manens</span> 
     </span>
     <span class='ocr_line' id='line_1_20' title="bbox 457 1277 895 1322; baseline 0 -10"><span class='ocrx_word' id='word_1_97' title='bbox 457 1277 717 1322; x_wconf 84' lang='lat' dir='ltr'>Magnificentia</span> <span class='ocrx_word' id='word_1_98' title='bbox 745 1278 895 1321; x_wconf 81' lang='lat' dir='ltr'>spiritui.</span> 
     </span>
     <span class='ocr_line' id='line_1_21' title="bbox 460 1329 1020 1373; baseline -0.002 -8"><span class='ocrx_word' id='word_1_99' title='bbox 460 1331 583 1365; x_wconf 84' lang='lat' dir='ltr'>Omnia</span> <span class='ocrx_word' id='word_1_100' title='bbox 612 1331 670 1373; x_wconf 89' lang='lat' dir='ltr'>qui</span> <span class='ocrx_word' id='word_1_101' title='bbox 698 1329 891 1365; x_wconf 86' lang='lat' dir='ltr'>refovendo</span> <span class='ocrx_word' id='word_1_102' title='bbox 919 1330 1020 1373; x_wconf 85' lang='lat' dir='ltr'>regit.</span> 
     </span>
    </p>
   </div>
   <div class='ocr_carea' id='block_1_5' title="bbox 80 1418 1514 1535">
    <p class='ocr_par' dir='ltr' id='par_1_5' title="bbox 80 1418 1514 1535">
     <span class='ocr_line' id='line_1_22' title="bbox 163 1418 1513 1460; baseline -0.002 -9"><span class='ocrx_word' id='word_1_103' title='bbox 163 1423 268 1452; x_wconf 89' lang='lat' dir='ltr'>Bedae</span> <span class='ocrx_word' id='word_1_104' title='bbox 292 1423 466 1460; x_wconf 84' lang='lat' dir='ltr'>Computus</span> <span class='ocrx_word' id='word_1_105' title='bbox 495 1432 551 1451; x_wconf 80' lang='lat' dir='ltr'>ms.</span> <span class='ocrx_word' id='word_1_106' title='bbox 583 1431 664 1451; x_wconf 82' lang='lat' dir='ltr'>saec.</span> <span class='ocrx_word' id='word_1_107' title='bbox 695 1421 724 1451; x_wconf 88' lang='grc'>9.</span> <span class='ocrx_word' id='word_1_108' title='bbox 769 1422 846 1451; x_wconf 90' lang='lat' dir='ltr'>Cod.</span> <span class='ocrx_word' id='word_1_109' title='bbox 869 1422 1014 1451; x_wconf 80' lang='lat' dir='ltr'>Vatican.</span> <span class='ocrx_word' id='word_1_110' title='bbox 1046 1419 1116 1450; x_wconf 87' lang='lat'>645.</span> <span class='ocrx_word' id='word_1_111' title='bbox 1146 1420 1219 1450; x_wconf 82' lang='lat' dir='ltr'>add.</span> <span class='ocrx_word' id='word_1_112' title='bbox 1252 1429 1334 1449; x_wconf 74' lang='lat' dir='ltr'>saec,</span> <span class='ocrx_word' id='word_1_113' title='bbox 1365 1418 1442 1450; x_wconf 80' lang='lat' dir='ltr'>¹¹l12.</span> <span class='ocrx_word' id='word_1_114' title='bbox 1476 1435 1513 1440; x_wconf 92' lang='lat'>—-</span> 
     </span>
     <span class='ocr_line' id='line_1_23' title="bbox 80 1459 1514 1502; baseline -0.002 -9"><span class='ocrx_word' id='word_1_115' title='bbox 80 1463 108 1499; x_wconf 80' lang='lat'>3,</span> <span class='ocrx_word' id='word_1_116' title='bbox 132 1462 150 1492; x_wconf 79' lang='lat'>2</span> <span class='ocrx_word' id='word_1_117' title='bbox 174 1461 297 1502; x_wconf 84' lang='lat' dir='ltr'>1nar[e].</span> <span class='ocrx_word' id='word_1_118' title='bbox 319 1480 359 1484; x_wconf 87' lang='lat'>—</span> <span class='ocrx_word' id='word_1_119' title='bbox 381 1462 410 1494; x_wconf 79' lang='grc'>3,</span> <span class='ocrx_word' id='word_1_120' title='bbox 437 1462 456 1493; x_wconf 83' lang='grc'><strong>3</strong></span> <span class='ocrx_word' id='word_1_121' title='bbox 479 1461 641 1502; x_wconf 78' lang='lat' dir='ltr'>refus[us].</span> <span class='ocrx_word' id='word_1_122' title='bbox 668 1479 707 1483; x_wconf 89' lang='lat'>—</span> <span class='ocrx_word' id='word_1_123' title='bbox 729 1461 757 1499; x_wconf 81' lang='lat'>5,</span> <span class='ocrx_word' id='word_1_124' title='bbox 781 1462 799 1492; x_wconf 79' lang='lat'>‘2</span> <span class='ocrx_word' id='word_1_125' title='bbox 823 1464 873 1493; x_wconf 80' lang='lat' dir='ltr'>Sit</span> <span class='ocrx_word' id='word_1_126' title='bbox 895 1465 956 1501; x_wconf 86' lang='lat' dir='ltr'>pie.</span> <span class='ocrx_word' id='word_1_127' title='bbox 983 1479 1017 1483; x_wconf 93' lang='lat'>—</span> <span class='ocrx_word' id='word_1_128' title='bbox 1043 1461 1072 1498; x_wconf 79' lang='lat'>5,</span> <span class='ocrx_word' id='word_1_129' title='bbox 1096 1460 1115 1491; x_wconf 80' lang='grc'><strong>3</strong></span> <span class='ocrx_word' id='word_1_130' title='bbox 1138 1459 1202 1500; x_wconf 74' lang='lat' dir='ltr'>Si[t</span> <span class='ocrx_word' id='word_1_131' title='bbox 1225 1459 1366 1500; x_wconf 82' lang='lat' dir='ltr'>pari]ter.</span> <span class='ocrx_word' id='word_1_132' title='bbox 1389 1477 1428 1482; x_wconf 85' lang='lat'>—-</span> <span class='ocrx_word' id='word_1_133' title='bbox 1452 1462 1514 1491; x_wconf 91' lang='lat' dir='ltr'>Ab·</span> 
     </span>
     <span class='ocr_line' id='line_1_24' title="bbox 81 1506 711 1535; baseline 0.002 -1"><span class='ocrx_word' id='word_1_134' title='bbox 81 1506 191 1534; x_wconf 78' lang='lat' dir='ltr'>schrift</span> <span class='ocrx_word' id='word_1_135' title='bbox 214 1515 277 1534; x_wconf 83' lang='lat' dir='ltr'>von</span> <span class='ocrx_word' id='word_1_136' title='bbox 300 1507 378 1535; x_wconf 75' lang='lat' dir='ltr'>Rev.</span> <span class='ocrx_word' id='word_1_137' title='bbox 404 1507 442 1533; x_wconf 92' lang='lat' dir='ltr'>H.</span> <span class='ocrx_word' id='word_1_138' title='bbox 465 1506 508 1534; x_wconf 87' lang='lat' dir='ltr'>M.</span> <span class='ocrx_word' id='word_1_139' title='bbox 532 1506 711 1535; x_wconf 79' lang='lat' dir='ltr'>Bannister.</span> 
     </span>
    </p>
   </div>
   <div class='ocr_carea' id='block_1_6' title="bbox 546 1647 1055 1681">
    <p class='ocr_par' dir='ltr' id='par_1_6' title="bbox 546 1647 1055 1681">
     <span class='ocr_line' id='line_1_25' title="bbox 546 1647 1055 1681; baseline 0.004 -2"><span class='ocrx_word' id='word_1_140' title='bbox 546 1647 615 1680; x_wconf 75' lang='lat'>121,</span> <span class='ocrx_word' id='word_1_141' title='bbox 651 1647 705 1679; x_wconf 80' lang='lat' dir='ltr'>De</span> <span class='ocrx_word' id='word_1_142' title='bbox 728 1648 847 1680; x_wconf 80' lang='lat' dir='ltr'>Beata</span> <span class='ocrx_word' id='word_1_143' title='bbox 870 1647 990 1680; x_wconf 81' lang='lat' dir='ltr'>Maria</span> <span class='ocrx_word' id='word_1_144' title='bbox 1013 1647 1055 1681; x_wconf 83' lang='lat' dir='ltr'>V.</span> 
     </span>
    </p>
   </div>
   <div class='ocr_carea' id='block_1_7' title="bbox 89 1734 867 1933">
    <p class='ocr_par' dir='ltr' id='par_1_7' title="bbox 89 1734 867 1933">
     <span class='ocr_line' id='line_1_26' title="bbox 89 1734 867 1778; baseline -0.001 -8"><span class='ocrx_word' id='word_1_145' title='bbox 89 1736 122 1770; x_wconf 86' lang='lat'>1.</span> <span class='ocrx_word' id='word_1_146' title='bbox 165 1734 371 1778; x_wconf 72' lang='lat' dir='ltr'>Mysterium</span> <span class='ocrx_word' id='word_1_147' title='bbox 401 1734 568 1768; x_wconf 80' lang='lat' dir='ltr'>ecclesiae</span> <span class='ocrx_word' id='word_1_148' title='bbox 834 1736 867 1770; x_wconf 79' lang='grc'>5.</span> 
     </span>
     <span class='ocr_line' id='line_1_27' title="bbox 164 1784 730 1830; baseline -0.004 -10"><span class='ocrx_word' id='word_1_149' title='bbox 164 1788 334 1829; x_wconf 78' lang='lat' dir='ltr'>Hymnum</span> <span class='ocrx_word' id='word_1_150' title='bbox 367 1785 505 1820; x_wconf 83' lang='lat' dir='ltr'>Christo</span> <span class='ocrx_word' id='word_1_151' title='bbox 533 1784 730 1830; x_wconf 77' lang='lat' dir='ltr'>referimus,</span> 
     </span>
     <span class='ocr_line' id='line_1_28' title="bbox 165 1838 621 1882; baseline 0 -11"><span class='ocrx_word' id='word_1_152' title='bbox 165 1840 271 1880; x_wconf 77' lang='lat' dir='ltr'>Quem</span> <span class='ocrx_word' id='word_1_153' title='bbox 301 1838 417 1882; x_wconf 83' lang='lat' dir='ltr'>genuit</span> <span class='ocrx_word' id='word_1_154' title='bbox 447 1847 621 1881; x_wconf 78' lang='lat' dir='ltr'>puerpera</span> 
     </span>
     <span class='ocr_line' id='line_1_29' title="bbox 165 1889 633 1933; baseline 0 -8"><span class='ocrx_word' id='word_1_155' title='bbox 165 1890 315 1925; x_wconf 82' lang='lat' dir='ltr'>Verbum</span> <span class='ocrx_word' id='word_1_156' title='bbox 345 1890 455 1933; x_wconf 81' lang='lat' dir='ltr'>patris</span> <span class='ocrx_word' id='word_1_157' title='bbox 484 1890 517 1923; x_wconf 86' lang='lat' dir='ltr'>in</span> <span class='ocrx_word' id='word_1_158' title='bbox 547 1889 633 1925; x_wconf 85' lang='lat' dir='ltr'>filio.</span> 
     </span>
    </p>
   </div>
   <div class='ocr_carea' id='block_1_8' title="bbox 911 1733 1489 1932">
    <p class='ocr_par' dir='ltr' id='par_1_8' title="bbox 912 1733 1336 1777">
     <span class='ocr_line' id='line_1_30' title="bbox 912 1733 1336 1777; baseline 0 -10"><span class='ocrx_word' id='word_1_159' title='bbox 912 1735 1001 1768; x_wconf 77' lang='lat' dir='ltr'>Vere</span> <span class='ocrx_word' id='word_1_160' title='bbox 1030 1734 1142 1777; x_wconf 81' lang='lat' dir='ltr'>gratia</span> <span class='ocrx_word' id='word_1_161' title='bbox 1169 1733 1273 1777; x_wconf 85' lang='lat' dir='ltr'>plena</span> <span class='ocrx_word' id='word_1_162' title='bbox 1300 1743 1336 1767; x_wconf 89' lang='lat' dir='ltr'>es</span> 
     </span>
    </p>

    <p class='ocr_par' dir='ltr' id='par_1_9' title="bbox 911 1785 1360 1828">
     <span class='ocr_line' id='line_1_31' title="bbox 911 1785 1360 1828; baseline -0.002 -9"><span class='ocrx_word' id='word_1_163' title='bbox 911 1786 959 1820; x_wconf 88' lang='lat' dir='ltr'>Et</span> <span class='ocrx_word' id='word_1_164' title='bbox 987 1785 1139 1828; x_wconf 82' lang='lat' dir='ltr'>gloriosa</span> <span class='ocrx_word' id='word_1_165' title='bbox 1167 1795 1360 1828; x_wconf 83' lang='lat' dir='ltr'>permanes,</span> 
     </span>
    </p>

    <p class='ocr_par' dir='ltr' id='par_1_10' title="bbox 912 1837 1489 1932">
     <span class='ocr_line' id='line_1_32' title="bbox 912 1837 1460 1880; baseline -0.004 -9"><span class='ocrx_word' id='word_1_166' title='bbox 912 1838 1001 1880; x_wconf 77' lang='lat' dir='ltr'>Quia</span> <span class='ocrx_word' id='word_1_167' title='bbox 1030 1848 1071 1872; x_wconf 85' lang='lat' dir='ltr'>ex</span> <span class='ocrx_word' id='word_1_168' title='bbox 1101 1842 1134 1871; x_wconf 88' lang='lat' dir='ltr'>te</span> <span class='ocrx_word' id='word_1_169' title='bbox 1163 1837 1262 1871; x_wconf 88' lang='lat' dir='ltr'>nobis</span> <span class='ocrx_word' id='word_1_170' title='bbox 1291 1837 1460 1880; x_wconf 85' lang='lat' dir='ltr'>Christus,</span> 
     </span>
     <span class='ocr_line' id='line_1_33' title="bbox 912 1888 1489 1932; baseline -0.003 -7"><span class='ocrx_word' id='word_1_171' title='bbox 912 1891 980 1925; x_wconf 91' lang='lat' dir='ltr'>Per</span> <span class='ocrx_word' id='word_1_172' title='bbox 1009 1898 1108 1932; x_wconf 86' lang='lat' dir='ltr'>quem</span> <span class='ocrx_word' id='word_1_173' title='bbox 1140 1888 1233 1924; x_wconf 83' lang='lat' dir='ltr'>facta</span> <span class='ocrx_word' id='word_1_174' title='bbox 1260 1893 1338 1923; x_wconf 89' lang='lat' dir='ltr'>sunt</span> <span class='ocrx_word' id='word_1_175' title='bbox 1365 1889 1489 1923; x_wconf 80' lang='lat' dir='ltr'>omnia.</span> 
     </span>
    </p>
   </div>
   <div class='ocr_carea' id='block_1_9' title="bbox 913 1972 1442 2173">
    <p class='ocr_par' dir='ltr' id='par_1_11' title="bbox 913 1972 1442 2173">
     <span class='ocr_line' id='line_1_34' title="bbox 916 1972 1401 2027; baseline -0.002 -11"><span class='ocrx_word' id='word_1_176' title='bbox 916 1983 1089 2027; x_wconf 84' lang='lat' dir='ltr'>Pastores,</span> <span class='ocrx_word' id='word_1_177' title='bbox 1119 1982 1176 2026; x_wconf 89' lang='lat' dir='ltr'>qui</span> <span class='ocrx_word' id='word_1_178' title='bbox 1206 1972 1401 2024; x_wconf 81' lang='lat' dir='ltr'>audierunt,</span> 
     </span>
     <span class='ocr_line' id='line_1_35' title="bbox 915 2034 1394 2078; baseline -0.004 -9"><span class='ocrx_word' id='word_1_179' title='bbox 915 2034 1071 2069; x_wconf 83' lang='lat' dir='ltr'>Gloriam</span> <span class='ocrx_word' id='word_1_180' title='bbox 1099 2035 1173 2069; x_wconf 88' lang='lat' dir='ltr'>Deo</span> <span class='ocrx_word' id='word_1_181' title='bbox 1203 2037 1394 2078; x_wconf 81' lang='lat' dir='ltr'>cantarunt,</span> 
     </span>
     <span class='ocr_line' id='line_1_36' title="bbox 913 2085 1442 2122; baseline -0.006 -1"><span class='ocrx_word' id='word_1_182' title='bbox 913 2087 1149 2122; x_wconf 80' lang='lat' dir='ltr'>Cucurrerunt</span> <span class='ocrx_word' id='word_1_183' title='bbox 1176 2087 1211 2120; x_wconf 92' lang='lat' dir='ltr'>in</span> <span class='ocrx_word' id='word_1_184' title='bbox 1240 2085 1442 2120; x_wconf 82' lang='lat' dir='ltr'>Bethlehem</span> 
     </span>
     <span class='ocr_line' id='line_1_37' title="bbox 914 2137 1416 2173; baseline 0.002 -1"><span class='ocrx_word' id='word_1_185' title='bbox 914 2138 1046 2172; x_wconf 83' lang='lat' dir='ltr'>Natum</span> <span class='ocrx_word' id='word_1_186' title='bbox 1075 2138 1194 2172; x_wconf 75' lang='lat' dir='ltr'>videre</span> <span class='ocrx_word' id='word_1_187' title='bbox 1221 2137 1416 2173; x_wconf 87' lang='lat' dir='ltr'>Dominum.</span> 
     </span>
    </p>
   </div>
   <div class='ocr_carea' id='block_1_10' title="bbox 88 1981 872 2180">
    <p class='ocr_par' dir='ltr' id='par_1_12' title="bbox 88 1981 872 2180">
     <span class='ocr_line' id='line_1_38' title="bbox 88 1981 872 2019; baseline 0 -1"><span class='ocrx_word' id='word_1_188' title='bbox 88 1984 123 2018; x_wconf 84' lang='lat'>2.</span> <span class='ocrx_word' id='word_1_189' title='bbox 169 1983 251 2017; x_wconf 84' lang='lat' dir='ltr'>Sola</span> <span class='ocrx_word' id='word_1_190' title='bbox 277 1983 312 2017; x_wconf 89' lang='lat' dir='ltr'>in</span> <span class='ocrx_word' id='word_1_191' title='bbox 341 1992 426 2017; x_wconf 79' lang='lat' dir='ltr'>sexu</span> <span class='ocrx_word' id='word_1_192' title='bbox 454 1981 583 2016; x_wconf 78' lang='lat' dir='ltr'>femina</span> <span class='ocrx_word' id='word_1_193' title='bbox 838 1984 872 2019; x_wconf 84' lang='grc'>6.</span> 
     </span>
     <span class='ocr_line' id='line_1_39' title="bbox 166 2034 588 2068; baseline 0 0"><span class='ocrx_word' id='word_1_194' title='bbox 166 2034 290 2068; x_wconf 80' lang='lat' dir='ltr'>Electa</span> <span class='ocrx_word' id='word_1_195' title='bbox 319 2044 354 2068; x_wconf 90' lang='lat' dir='ltr'>es</span> <span class='ocrx_word' id='word_1_196' title='bbox 383 2035 419 2068; x_wconf 90' lang='lat' dir='ltr'>in</span> <span class='ocrx_word' id='word_1_197' title='bbox 448 2035 588 2068; x_wconf 81' lang='lat' dir='ltr'>saecula</span> 
     </span>
     <span class='ocr_line' id='line_1_40' title="bbox 166 2086 613 2120; baseline -0.004 0"><span class='ocrx_word' id='word_1_198' title='bbox 166 2086 213 2120; x_wconf 83' lang='lat' dir='ltr'>Et</span> <span class='ocrx_word' id='word_1_199' title='bbox 240 2086 398 2120; x_wconf 85' lang='lat' dir='ltr'>meruisti</span> <span class='ocrx_word' id='word_1_200' title='bbox 427 2086 613 2120; x_wconf 87' lang='lat' dir='ltr'>Dominum</span> 
     </span>
     <span class='ocr_line' id='line_1_41' title="bbox 167 2138 702 2180; baseline 0.006 -10"><span class='ocrx_word' id='word_1_201' title='bbox 167 2138 331 2171; x_wconf 76' lang='lat' dir='ltr'>Sanctum</span> <span class='ocrx_word' id='word_1_202' title='bbox 360 2141 501 2180; x_wconf 86' lang='lat' dir='ltr'>portare</span> <span class='ocrx_word' id='word_1_203' title='bbox 529 2138 563 2171; x_wconf 90' lang='lat' dir='ltr'>in</span> <span class='ocrx_word' id='word_1_204' title='bbox 592 2141 702 2174; x_wconf 83' lang='lat' dir='ltr'>utere.</span> 
     </span>
    </p>
   </div>
   <div class='ocr_carea' id='block_1_11' title="bbox 87 2479 120 2512">
    <p class='ocr_par' dir='ltr' id='par_1_13' title="bbox 87 2479 120 2512">
     <span class='ocr_line' id='line_1_42' title="bbox 87 2479 120 2512; baseline 0 0"><span class='ocrx_word' id='word_1_205' title='bbox 87 2479 120 2512; x_wconf 89' lang='lat'>4.</span> 
     </span>
    </p>
   </div>
   <div class='ocr_carea' id='block_1_12' title="bbox 166 2230 869 2273">
    <p class='ocr_par' dir='ltr' id='par_1_14' title="bbox 166 2230 869 2273">
     <span class='ocr_line' id='line_1_43' title="bbox 166 2230 869 2273; baseline 0.003 -9"><span class='ocrx_word' id='word_1_206' title='bbox 166 2231 272 2264; x_wconf 79' lang='lat' dir='ltr'>Vates</span> <span class='ocrx_word' id='word_1_207' title='bbox 301 2230 433 2272; x_wconf 85' lang='lat' dir='ltr'>antiqui</span> <span class='ocrx_word' id='word_1_208' title='bbox 462 2230 628 2273; x_wconf 86' lang='lat' dir='ltr'>temporis</span> <span class='ocrx_word' id='word_1_209' title='bbox 836 2232 869 2266; x_wconf 86' lang='lat'>7.</span> 
     </span>
    </p>
   </div>
   <div class='ocr_carea' id='block_1_13' title="bbox 163 2281 766 2428">
    <p class='ocr_par' dir='ltr' id='par_1_15' title="bbox 163 2281 766 2428">
     <span class='ocr_line' id='line_1_44' title="bbox 166 2281 766 2326; baseline 0 -10"><span class='ocrx_word' id='word_1_210' title='bbox 166 2282 407 2325; x_wconf 79' lang='lat' dir='ltr'>Praedixerat,</span> <span class='ocrx_word' id='word_1_211' title='bbox 437 2283 527 2324; x_wconf 90' lang='lat' dir='ltr'>quod</span> <span class='ocrx_word' id='word_1_212' title='bbox 554 2281 681 2316; x_wconf 82' lang='lat' dir='ltr'>factum</span> <span class='ocrx_word' id='word_1_213' title='bbox 704 2286 766 2326; x_wconf 86' lang='lat' dir='ltr'>est,</span> 
     </span>
     <span class='ocr_line' id='line_1_45' title="bbox 163 2334 603 2376; baseline 0 -10"><span class='ocrx_word' id='word_1_214' title='bbox 163 2334 251 2375; x_wconf 83' lang='lat' dir='ltr'>Quia</span> <span class='ocrx_word' id='word_1_215' title='bbox 279 2334 376 2376; x_wconf 80' lang='lat' dir='ltr'>virgo</span> <span class='ocrx_word' id='word_1_216' title='bbox 405 2334 603 2376; x_wconf 85' lang='lat' dir='ltr'>conciperet</span> 
     </span>
     <span class='ocr_line' id='line_1_46' title="bbox 165 2385 586 2428; baseline 0.002 -9"><span class='ocrx_word' id='word_1_217' title='bbox 165 2385 213 2419; x_wconf 87' lang='lat' dir='ltr'>Et</span> <span class='ocrx_word' id='word_1_218' title='bbox 240 2389 379 2428; x_wconf 85' lang='lat' dir='ltr'>pareret</span> <span class='ocrx_word' id='word_1_219' title='bbox 407 2385 586 2420; x_wconf 86' lang='lat' dir='ltr'>Emanuel.</span> 
     </span>
    </p>
   </div>
   <div class='ocr_carea' id='block_1_14' title="bbox 171 2477 867 2524">
    <p class='ocr_par' dir='ltr' id='par_1_16' title="bbox 171 2477 867 2524">
     <span class='ocr_line' id='line_1_47' title="bbox 171 2477 867 2524; baseline 0.006 -14"><span class='ocrx_word' id='word_1_220' title='bbox 171 2477 376 2520; x_wconf 67' lang='lat' dir='ltr'>Mysterium</span> <span class='ocrx_word' id='word_1_221' title='bbox 406 2477 471 2511; x_wconf 82' lang='lat' dir='ltr'>hoe</span> <span class='ocrx_word' id='word_1_222' title='bbox 500 2488 658 2520; x_wconf 77' lang='lat' dir='ltr'>magnum</span> <span class='ocrx_word' id='word_1_223' title='bbox 688 2482 751 2524; x_wconf 84' lang='lat' dir='ltr'>est,</span> <span class='ocrx_word' id='word_1_224' title='bbox 833 2480 867 2514; x_wconf 82' lang='lat'>8.</span> 
     </span>
    </p>
   </div>
   <div class='ocr_carea' id='block_1_15' title="bbox 168 2529 745 2676">
    <p class='ocr_par' dir='ltr' id='par_1_17' title="bbox 168 2529 745 2676">
     <span class='ocr_line' id='line_1_48' title="bbox 168 2529 745 2573; baseline 0.003 -11"><span class='ocrx_word' id='word_1_225' title='bbox 168 2529 304 2563; x_wconf 86' lang='lat' dir='ltr'>Mariae</span> <span class='ocrx_word' id='word_1_226' title='bbox 333 2529 424 2571; x_wconf 87' lang='lat' dir='ltr'>quod</span> <span class='ocrx_word' id='word_1_227' title='bbox 454 2538 651 2564; x_wconf 82' lang='lat' dir='ltr'>eoncessum</span> <span class='ocrx_word' id='word_1_228' title='bbox 681 2534 745 2573; x_wconf 86' lang='lat' dir='ltr'>est,</span> 
     </span>
     <span class='ocr_line' id='line_1_49' title="bbox 168 2580 740 2624; baseline 0.003 -10"><span class='ocrx_word' id='word_1_229' title='bbox 168 2581 214 2615; x_wconf 87' lang='lat' dir='ltr'>Ut</span> <span class='ocrx_word' id='word_1_230' title='bbox 243 2580 365 2624; x_wconf 86' lang='lat' dir='ltr'>Deum,</span> <span class='ocrx_word' id='word_1_231' title='bbox 394 2590 458 2623; x_wconf 85' lang='lat' dir='ltr'>per</span> <span class='ocrx_word' id='word_1_232' title='bbox 486 2591 583 2624; x_wconf 88' lang='lat' dir='ltr'>quem</span> <span class='ocrx_word' id='word_1_233' title='bbox 615 2582 740 2624; x_wconf 86' lang='lat' dir='ltr'>omnia,</span> 
     </span>
     <span class='ocr_line' id='line_1_50' title="bbox 169 2632 641 2676; baseline 0.004 -10"><span class='ocrx_word' id='word_1_234' title='bbox 169 2632 223 2666; x_wconf 87' lang='lat' dir='ltr'>Ex</span> <span class='ocrx_word' id='word_1_235' title='bbox 253 2641 289 2666; x_wconf 87' lang='lat' dir='ltr'>se</span> <span class='ocrx_word' id='word_1_236' title='bbox 319 2632 437 2667; x_wconf 84' lang='lat' dir='ltr'>videre</span> <span class='ocrx_word' id='word_1_237' title='bbox 465 2633 641 2676; x_wconf 86' lang='lat' dir='ltr'>proderet.</span> 
     </span>
    </p>
   </div>
   <div class='ocr_carea' id='block_1_16' title="bbox 910 2230 1423 2421">
    <p class='ocr_par' dir='ltr' id='par_1_18' title="bbox 910 2230 1423 2421">
     <span class='ocr_line' id='line_1_51' title="bbox 915 2230 1384 2273; baseline -0.002 -8"><span class='ocrx_word' id='word_1_238' title='bbox 915 2231 972 2265; x_wconf 81' lang='lat' dir='ltr'>Sic</span> <span class='ocrx_word' id='word_1_239' title='bbox 999 2231 1095 2273; x_wconf 78' lang='lat' dir='ltr'>Magi</span> <span class='ocrx_word' id='word_1_240' title='bbox 1124 2230 1167 2265; x_wconf 85' lang='lat' dir='ltr'>ab</span> <span class='ocrx_word' id='word_1_241' title='bbox 1196 2235 1273 2264; x_wconf 85' lang='lat' dir='ltr'>ortu</span> <span class='ocrx_word' id='word_1_242' title='bbox 1301 2230 1384 2264; x_wconf 86' lang='lat' dir='ltr'>solis</span> 
     </span>
     <span class='ocr_line' id='line_1_52' title="bbox 910 2282 1321 2317; baseline -0.002 -1"><span class='ocrx_word' id='word_1_243' title='bbox 910 2283 979 2317; x_wconf 88' lang='lat' dir='ltr'>Per</span> <span class='ocrx_word' id='word_1_244' title='bbox 1006 2283 1129 2317; x_wconf 86' lang='lat' dir='ltr'>stellae</span> <span class='ocrx_word' id='word_1_245' title='bbox 1156 2282 1321 2317; x_wconf 80' lang='lat' dir='ltr'>indicium</span> 
     </span>
     <span class='ocr_line' id='line_1_53' title="bbox 912 2333 1423 2378; baseline -0.002 -10"><span class='ocrx_word' id='word_1_246' title='bbox 912 2334 1095 2369; x_wconf 84' lang='lat' dir='ltr'>Portantes</span> <span class='ocrx_word' id='word_1_247' title='bbox 1123 2338 1242 2378; x_wconf 78' lang='lat' dir='ltr'>typum</span> <span class='ocrx_word' id='word_1_248' title='bbox 1271 2333 1423 2377; x_wconf 85' lang='lat' dir='ltr'>gentium</span> 
     </span>
     <span class='ocr_line' id='line_1_54' title="bbox 911 2385 1373 2421; baseline 0 0"><span class='ocrx_word' id='word_1_249' title='bbox 911 2387 1017 2421; x_wconf 87' lang='lat' dir='ltr'>Primi</span> <span class='ocrx_word' id='word_1_250' title='bbox 1045 2385 1194 2420; x_wconf 87' lang='lat' dir='ltr'>offerunt</span> <span class='ocrx_word' id='word_1_251' title='bbox 1221 2395 1373 2421; x_wconf 87' lang='lat' dir='ltr'>munera.</span> 
     </span>
    </p>
   </div>
   <div class='ocr_carea' id='block_1_17' title="bbox 910 2478 1417 2675">
    <p class='ocr_par' dir='ltr' id='par_1_19' title="bbox 910 2478 1417 2675">
     <span class='ocr_line' id='line_1_55' title="bbox 910 2478 1362 2524; baseline -0.002 -11"><span class='ocrx_word' id='word_1_252' title='bbox 910 2479 1080 2522; x_wconf 86' lang='lat' dir='ltr'>Rogemus</span> <span class='ocrx_word' id='word_1_253' title='bbox 1109 2488 1200 2524; x_wconf 86' lang='lat' dir='ltr'>ergo,</span> <span class='ocrx_word' id='word_1_254' title='bbox 1230 2478 1362 2523; x_wconf 88' lang='lat' dir='ltr'>populi,</span> 
     </span>
     <span class='ocr_line' id='line_1_56' title="bbox 911 2529 1417 2572; baseline -0.002 -8"><span class='ocrx_word' id='word_1_255' title='bbox 911 2529 978 2564; x_wconf 90' lang='lat' dir='ltr'>Dei</span> <span class='ocrx_word' id='word_1_256' title='bbox 1005 2534 1150 2565; x_wconf 86' lang='lat' dir='ltr'>matrem</span> <span class='ocrx_word' id='word_1_257' title='bbox 1179 2533 1212 2563; x_wconf 90' lang='lat' dir='ltr'>et</span> <span class='ocrx_word' id='word_1_258' title='bbox 1239 2529 1417 2572; x_wconf 85' lang='lat' dir='ltr'>virginem,</span> 
     </span>
     <span class='ocr_line' id='line_1_57' title="bbox 912 2581 1382 2624; baseline -0.004 -8"><span class='ocrx_word' id='word_1_259' title='bbox 912 2583 961 2617; x_wconf 90' lang='lat' dir='ltr'>Ut</span> <span class='ocrx_word' id='word_1_260' title='bbox 989 2582 1066 2624; x_wconf 84' lang='lat' dir='ltr'>ipsa</span> <span class='ocrx_word' id='word_1_261' title='bbox 1093 2581 1191 2616; x_wconf 89' lang='lat' dir='ltr'>nobis</span> <span class='ocrx_word' id='word_1_262' title='bbox 1219 2581 1382 2623; x_wconf 86' lang='lat' dir='ltr'>impetret</span> 
     </span>
     <span class='ocr_line' id='line_1_58' title="bbox 910 2632 1387 2675; baseline 0.002 -8"><span class='ocrx_word' id='word_1_263' title='bbox 910 2633 1036 2667; x_wconf 83' lang='lat' dir='ltr'>Pacem</span> <span class='ocrx_word' id='word_1_264' title='bbox 1065 2637 1099 2666; x_wconf 88' lang='lat' dir='ltr'>et</span> <span class='ocrx_word' id='word_1_265' title='bbox 1126 2632 1387 2675; x_wconf 84' lang='lat' dir='ltr'>indulgentiam.</span> 
     </span>
    </p>
   </div>
  </div>
 </body>
</html>
