<?xml version="1.0" encoding="UTF-8"?>
<!DOCTYPE html PUBLIC "-//W3C//DTD XHTML 1.0 Transitional//EN"
    "http://www.w3.org/TR/xhtml1/DTD/xhtml1-transitional.dtd">
<html xmlns="http://www.w3.org/1999/xhtml" xml:lang="en" lang="en">
 <head>
  <title>
</title>
<meta http-equiv="Content-Type" content="text/html;charset=utf-8" />
  <meta name='ocr-system' content='tesseract 3.04.00' />
  <meta name='ocr-capabilities' content='ocr_page ocr_carea ocr_par ocr_line ocrx_word'/>
</head>
<body>
  <div class='ocr_page' id='page_1' title='image "./analectahymnica51drevuoft_0276.png"; bbox 0 0 1652 2872; ppageno 0'>
   <div class='ocr_carea' id='block_1_1' title="bbox 148 125 1519 166">
    <p class='ocr_par' dir='ltr' id='par_1_1' title="bbox 148 125 1519 166">
     <span class='ocr_line' id='line_1_1' title="bbox 148 125 1519 166; baseline -0.005 -5"><span class='ocrx_word' id='word_1_1' title='bbox 148 133 187 161; x_wconf 92' lang='grc' dir='ltr'>ΙΙ.</span> <span class='ocrx_word' id='word_1_2' title='bbox 224 132 271 160; x_wconf 86' lang='lat' dir='ltr'>De</span> <span class='ocrx_word' id='word_1_3' title='bbox 294 130 428 160; x_wconf 83' lang='lat' dir='ltr'>Sanctis.</span> <span class='ocrx_word' id='word_1_4' title='bbox 453 147 489 150; x_wconf 74' lang='lat'>--</span> <span class='ocrx_word' id='word_1_5' title='bbox 514 130 548 158; x_wconf 93' lang='lat' dir='ltr'>B.</span> <span class='ocrx_word' id='word_1_6' title='bbox 584 128 702 166; x_wconf 87' lang='lat' dir='ltr'>Hymni</span> <span class='ocrx_word' id='word_1_7' title='bbox 726 127 764 155; x_wconf 90' lang='lat' dir='ltr'>de</span> <span class='ocrx_word' id='word_1_8' title='bbox 787 127 915 156; x_wconf 82' lang='lat' dir='ltr'>Sanctis</span> <span class='ocrx_word' id='word_1_9' title='bbox 938 127 1074 165; x_wconf 87' lang='lat' dir='ltr'>Proprii.</span> <span class='ocrx_word' id='word_1_10' title='bbox 1120 127 1169 156; x_wconf 87' lang='lat' dir='ltr'>De</span> <span class='ocrx_word' id='word_1_11' title='bbox 1192 136 1215 155; x_wconf 84' lang='grc'>5,</span> <span class='ocrx_word' id='word_1_12' title='bbox 1240 125 1389 156; x_wconf 83' lang='lat' dir='ltr'>Sualone.</span> <span class='ocrx_word' id='word_1_13' title='bbox 1445 125 1519 162; x_wconf 80' lang='lat'>225</span> 
     </span>
    </p>
   </div>
   <div class='ocr_carea' id='block_1_2' title="bbox 95 194 1522 315">
    <p class='ocr_par' dir='ltr' id='par_1_2' title="bbox 95 194 1522 315">
     <span class='ocr_line' id='line_1_2' title="bbox 95 194 1522 271; baseline -0.004 -7"><span class='ocrx_word' id='word_1_14' title='bbox 95 234 130 271; x_wconf 80' lang='lat'>4,</span> <span class='ocrx_word' id='word_1_15' title='bbox 163 234 178 264; x_wconf 92' lang='lat'>1</span> <span class='ocrx_word' id='word_1_16' title='bbox 211 236 310 271; x_wconf 79' lang='lat' dir='ltr'>Quem</span> <span class='ocrx_word' id='word_1_17' title='bbox 341 233 495 262; x_wconf 85' lang='lat' dir='ltr'>Christus.</span> <span class='ocrx_word' id='word_1_18' title='bbox 523 246 559 251; x_wconf 84' lang='lat'><em>-</em></span> <span class='ocrx_word' id='word_1_19' title='bbox 592 229 627 266; x_wconf 89' lang='grc'>4,</span> <span class='ocrx_word' id='word_1_20' title='bbox 657 229 676 260; x_wconf 83' lang='grc'><strong>3</strong></span> <span class='ocrx_word' id='word_1_21' title='bbox 704 230 800 258; x_wconf 86' lang='lat' dir='ltr'>nimis</span> <span class='ocrx_word' id='word_1_22' title='bbox 830 239 914 258; x_wconf 85' lang='lat' dir='ltr'>acra.</span> <span class='ocrx_word' id='word_1_23' title='bbox 948 245 983 249; x_wconf 88' lang='lat'>-</span> <span class='ocrx_word' id='word_1_24' title='bbox 1008 230 1172 259; x_wconf 87' lang='lat' dir='ltr'>Zwischen</span> <span class='ocrx_word' id='word_1_25' title='bbox 1195 231 1257 260; x_wconf 79' lang='lat' dir='ltr'>Str.</span> <span class='ocrx_word' id='word_1_26' title='bbox 1279 228 1300 259; x_wconf 89' lang='lat'>4</span> <span class='ocrx_word' id='word_1_27' title='bbox 1328 194 1366 259; x_wconf 46' lang='lat' dir='ltr'>u.³</span> <span class='ocrx_word' id='word_1_28' title='bbox 1389 228 1408 259; x_wconf 89' lang='lat'>5</span> <span class='ocrx_word' id='word_1_29' title='bbox 1438 228 1522 258; x_wconf 82' lang='lat' dir='ltr'>steht</span> 
     </span>
     <span class='ocr_line' id='line_1_3' title="bbox 95 275 414 315; baseline -0.013 -9"><span class='ocrx_word' id='word_1_30' title='bbox 95 277 240 315; x_wconf 84' lang='lat' dir='ltr'>folgende</span> <span class='ocrx_word' id='word_1_31' title='bbox 263 275 414 313; x_wconf 77' lang='lat' dir='ltr'>Strophe:</span> 
     </span>
    </p>
   </div>
   <div class='ocr_carea' id='block_1_3' title="bbox 222 332 1388 414">
    <p class='ocr_par' dir='ltr' id='par_1_3' title="bbox 222 332 1388 414">
     <span class='ocr_line' id='line_1_4' title="bbox 222 332 1355 374; baseline -0.004 -7"><span class='ocrx_word' id='word_1_32' title='bbox 222 337 313 374; x_wconf 81' lang='lat' dir='ltr'>Quod</span> <span class='ocrx_word' id='word_1_33' title='bbox 336 337 460 370; x_wconf 78' lang='lat' dir='ltr'>tumuit,</span> <span class='ocrx_word' id='word_1_34' title='bbox 484 335 580 363; x_wconf 86' lang='lat' dir='ltr'>miser</span> <span class='ocrx_word' id='word_1_35' title='bbox 602 333 759 368; x_wconf 74' lang='lat' dir='ltr'>occubuit,</span> <span class='ocrx_word' id='word_1_36' title='bbox 781 332 785 364; x_wconf 84' lang='grc'>1</span> <span class='ocrx_word' id='word_1_37' title='bbox 805 333 863 361; x_wconf 93' lang='lat' dir='ltr'>Vir</span> <span class='ocrx_word' id='word_1_38' title='bbox 885 334 956 371; x_wconf 88' lang='lat' dir='ltr'>pius</span> <span class='ocrx_word' id='word_1_39' title='bbox 979 333 1063 362; x_wconf 88' lang='lat' dir='ltr'>hunc</span> <span class='ocrx_word' id='word_1_40' title='bbox 1086 344 1177 372; x_wconf 88' lang='lat' dir='ltr'>prece</span> <span class='ocrx_word' id='word_1_41' title='bbox 1200 335 1355 363; x_wconf 77' lang='lat' dir='ltr'>restituit:</span> 
     </span>
     <span class='ocr_line' id='line_1_5' title="bbox 222 375 1388 414; baseline -0.003 -6"><span class='ocrx_word' id='word_1_42' title='bbox 222 380 354 409; x_wconf 83' lang='lat' dir='ltr'>Hostica</span> <span class='ocrx_word' id='word_1_43' title='bbox 376 381 479 406; x_wconf 86' lang='lat' dir='ltr'>turma</span> <span class='ocrx_word' id='word_1_44' title='bbox 501 377 610 414; x_wconf 80' lang='lat' dir='ltr'>fugata</span> <span class='ocrx_word' id='word_1_45' title='bbox 631 376 731 412; x_wconf 80' lang='lat' dir='ltr'>gemit</span> <span class='ocrx_word' id='word_1_46' title='bbox 749 376 754 404; x_wconf 84' lang='grc' dir='ltr'>ι’</span> <span class='ocrx_word' id='word_1_47' title='bbox 773 375 810 403; x_wconf 90' lang='grc'>111</span> <span class='ocrx_word' id='word_1_48' title='bbox 835 375 966 403; x_wconf 78' lang='lat' dir='ltr'>miseros</span> <span class='ocrx_word' id='word_1_49' title='bbox 990 385 1047 403; x_wconf 77' lang='grc'>1180</span> <span class='ocrx_word' id='word_1_50' title='bbox 1069 376 1119 403; x_wconf 85' lang='lat' dir='ltr'>vir</span> <span class='ocrx_word' id='word_1_51' title='bbox 1141 379 1214 404; x_wconf 85' lang='lat' dir='ltr'>ante</span> <span class='ocrx_word' id='word_1_52' title='bbox 1236 376 1388 410; x_wconf 69' lang='lat' dir='ltr'>fremitffl.</span> 
     </span>
    </p>
   </div>
   <div class='ocr_carea' id='block_1_4' title="bbox 93 431 1524 843">
    <p class='ocr_par' dir='ltr' id='par_1_4' title="bbox 95 431 1523 643">
     <span class='ocr_line' id='line_1_6' title="bbox 181 431 1522 475; baseline -0.004 -4"><span class='ocrx_word' id='word_1_53' title='bbox 181 441 330 471; x_wconf 71' lang='lat' dir='ltr'>Offenbar</span> <span class='ocrx_word' id='word_1_54' title='bbox 366 441 408 468; x_wconf 85' lang='lat' dir='ltr'>ist</span> <span class='ocrx_word' id='word_1_55' title='bbox 442 439 527 467; x_wconf 87' lang='lat' dir='ltr'>diese</span> <span class='ocrx_word' id='word_1_56' title='bbox 563 437 699 475; x_wconf 63' lang='lat' dir='ltr'>strophe</span> <span class='ocrx_word' id='word_1_57' title='bbox 740 439 810 466; x_wconf 80' lang='lat' dir='ltr'>eine</span> <span class='ocrx_word' id='word_1_58' title='bbox 844 431 1103 475; x_wconf 62' lang='lat' dir='ltr'>fiberarbeitung</span> <span class='ocrx_word' id='word_1_59' title='bbox 1139 437 1194 466; x_wconf 85' lang='lat' dir='ltr'>der</span> <span class='ocrx_word' id='word_1_60' title='bbox 1231 438 1311 466; x_wconf 82' lang='lat' dir='ltr'>oben</span> <span class='ocrx_word' id='word_1_61' title='bbox 1350 437 1522 466; x_wconf 82' lang='lat' dir='ltr'>stehenden</span> 
     </span>
     <span class='ocr_line' id='line_1_7' title="bbox 96 475 1519 521; baseline -0.004 -9"><span class='ocrx_word' id='word_1_62' title='bbox 96 483 122 512; x_wconf 80' lang='grc'>5.</span> <span class='ocrx_word' id='word_1_63' title='bbox 147 483 283 521; x_wconf 76' lang='lat' dir='ltr'>Strophe</span> <span class='ocrx_word' id='word_1_64' title='bbox 307 482 382 510; x_wconf 77' lang='lat' dir='ltr'>oder</span> <span class='ocrx_word' id='word_1_65' title='bbox 403 479 600 518; x_wconf 84' lang='lat' dir='ltr'>umgekehrt.</span> <span class='ocrx_word' id='word_1_66' title='bbox 624 495 663 498; x_wconf 93' lang='lat'><em>-</em></span> <span class='ocrx_word' id='word_1_67' title='bbox 686 479 753 507; x_wconf 82' lang='lat' dir='ltr'>Vor</span> <span class='ocrx_word' id='word_1_68' title='bbox 776 479 836 507; x_wconf 79' lang='lat' dir='ltr'>Str.</span> <span class='ocrx_word' id='word_1_69' title='bbox 860 477 878 507; x_wconf 82' lang='grc'>5</span> <span class='ocrx_word' id='word_1_70' title='bbox 896 475 1031 506; x_wconf 66' lang='lat' dir='ltr'>Divisio</span> <span class='ocrx_word' id='word_1_71' title='bbox 1055 480 1112 506; x_wconf 84' lang='lat' dir='ltr'>mit</span> <span class='ocrx_word' id='word_1_72' title='bbox 1135 479 1314 517; x_wconf 78' lang='lat' dir='ltr'>Beifiigung</span> <span class='ocrx_word' id='word_1_73' title='bbox 1338 479 1393 507; x_wconf 87' lang='lat' dir='ltr'>der</span> <span class='ocrx_word' id='word_1_74' title='bbox 1416 480 1519 507; x_wconf 86' lang='lat' dir='ltr'>Doxo-</span> 
     </span>
     <span class='ocr_line' id='line_1_8' title="bbox 95 518 1523 563; baseline -0.003 -11"><span class='ocrx_word' id='word_1_75' title='bbox 95 526 190 563; x_wconf 81' lang='lat' dir='ltr'><strong>logie.</strong></span> <span class='ocrx_word' id='word_1_76' title='bbox 214 540 250 543; x_wconf 81' lang='lat'>—-</span> <span class='ocrx_word' id='word_1_77' title='bbox 279 522 329 557; x_wconf 88' lang='lat' dir='ltr'>lO,</span> <span class='ocrx_word' id='word_1_78' title='bbox 356 521 375 550; x_wconf 83' lang='grc'>4</span> <span class='ocrx_word' id='word_1_79' title='bbox 398 525 484 550; x_wconf 73' lang='lat' dir='ltr'>astra</span> <span class='ocrx_word' id='word_1_80' title='bbox 507 521 588 559; x_wconf 82' lang='lat' dir='ltr'>poli;</span> <span class='ocrx_word' id='word_1_81' title='bbox 621 521 678 549; x_wconf 78' lang='lat' dir='ltr'>auf</span> <span class='ocrx_word' id='word_1_82' title='bbox 697 520 784 549; x_wconf 67' lang='lat' dir='ltr'>dic-se</span> <span class='ocrx_word' id='word_1_83' title='bbox 806 520 916 548; x_wconf 79' lang='lat' dir='ltr'>Weise</span> <span class='ocrx_word' id='word_1_84' title='bbox 939 519 1068 548; x_wconf 76' lang='lat' dir='ltr'>wfirden</span> <span class='ocrx_word' id='word_1_85' title='bbox 1094 518 1141 555; x_wconf 77' lang='lat'>10,</span> <span class='ocrx_word' id='word_1_86' title='bbox 1165 518 1184 549; x_wconf 79' lang='lat'><strong>3</strong></span> <span class='ocrx_word' id='word_1_87' title='bbox 1207 530 1235 548; x_wconf 80' lang='grc'>11.</span> <span class='ocrx_word' id='word_1_88' title='bbox 1263 519 1308 552; x_wconf 82' lang='lat'>10.</span> <span class='ocrx_word' id='word_1_89' title='bbox 1332 520 1351 549; x_wconf 80' lang='lat'>4</span> <span class='ocrx_word' id='word_1_90' title='bbox 1374 521 1431 548; x_wconf 85' lang='lat' dir='ltr'>mit</span> <span class='ocrx_word' id='word_1_91' title='bbox 1453 521 1523 548; x_wconf 89' lang='lat' dir='ltr'>dem</span> 
     </span>
     <span class='ocr_line' id='line_1_9' title="bbox 95 560 1522 601; baseline -0.003 -7"><span class='ocrx_word' id='word_1_92' title='bbox 95 566 241 601; x_wconf 72' lang='lat' dir='ltr'>gleichen</span> <span class='ocrx_word' id='word_1_93' title='bbox 263 565 375 592; x_wconf 45' lang='lat' dir='ltr'>&amp;Verte</span> <span class='ocrx_word' id='word_1_94' title='bbox 398 564 431 591; x_wconf 90' lang='lat' dir='ltr'>in</span> <span class='ocrx_word' id='word_1_95' title='bbox 453 562 592 600; x_wconf 86' lang='lat' dir='ltr'>gleicher</span> <span class='ocrx_word' id='word_1_96' title='bbox 616 560 803 600; x_wconf 71' lang='lat' dir='ltr'>Eedeutung</span> <span class='ocrx_word' id='word_1_97' title='bbox 827 561 1013 595; x_wconf 62' lang='lat' dir='ltr'>sennensem</span> <span class='ocrx_word' id='word_1_98' title='bbox 1039 561 1118 589; x_wconf 80' lang='lat' dir='ltr'>auch</span> <span class='ocrx_word' id='word_1_99' title='bbox 1142 561 1251 590; x_wconf 78' lang='lat' dir='ltr'>bilden</span> <span class='ocrx_word' id='word_1_100' title='bbox 1275 562 1359 591; x_wconf 82' lang='lat' dir='ltr'>celsa</span> <span class='ocrx_word' id='word_1_101' title='bbox 1384 571 1412 590; x_wconf 87' lang='grc'>11.</span> <span class='ocrx_word' id='word_1_102' title='bbox 1437 566 1522 590; x_wconf 80' lang='lat' dir='ltr'>astra</span> 
     </span>
     <span class='ocr_line' id='line_1_10' title="bbox 96 606 424 643; baseline -0.012 -7"><span class='ocrx_word' id='word_1_103' title='bbox 96 608 212 636; x_wconf 85' lang='lat' dir='ltr'>keinen</span> <span class='ocrx_word' id='word_1_104' title='bbox 236 606 424 643; x_wconf 74' lang='lat' dir='ltr'>Gegensatz.</span> 
     </span>
    </p>

    <p class='ocr_par' dir='ltr' id='par_1_5' title="bbox 93 644 1524 843">
     <span class='ocr_line' id='line_1_11' title="bbox 177 644 1523 682; baseline -0.003 -5"><span class='ocrx_word' id='word_1_105' title='bbox 177 649 242 677; x_wconf 88' lang='lat' dir='ltr'>Der</span> <span class='ocrx_word' id='word_1_106' title='bbox 264 648 306 676; x_wconf 88' lang='lat' dir='ltr'>hl.</span> <span class='ocrx_word' id='word_1_107' title='bbox 331 647 460 676; x_wconf 85' lang='lat' dir='ltr'>Simeon</span> <span class='ocrx_word' id='word_1_108' title='bbox 484 654 550 674; x_wconf 84' lang='lat' dir='ltr'>war</span> <span class='ocrx_word' id='word_1_109' title='bbox 572 645 686 673; x_wconf 56' lang='lat' dir='ltr'>szuch</span> <span class='ocrx_word' id='word_1_110' title='bbox 711 655 740 673; x_wconf 93' lang='lat' dir='ltr'>u.</span> <span class='ocrx_word' id='word_1_111' title='bbox 765 644 889 673; x_wconf 82' lang='lat' dir='ltr'>Eremit</span> <span class='ocrx_word' id='word_1_112' title='bbox 911 645 965 673; x_wconf 84' lang='lat' dir='ltr'>des</span> <span class='ocrx_word' id='word_1_113' title='bbox 988 647 1168 682; x_wconf 81' lang='lat' dir='ltr'>genannten</span> <span class='ocrx_word' id='word_1_114' title='bbox 1195 644 1338 673; x_wconf 81' lang='lat' dir='ltr'>Klosters</span> <span class='ocrx_word' id='word_1_115' title='bbox 1358 644 1407 681; x_wconf 77' lang='lat' dir='ltr'>„S.</span> <span class='ocrx_word' id='word_1_116' title='bbox 1426 646 1523 673; x_wconf 84' lang='lat' dir='ltr'>Bene-</span> 
     </span>
     <span class='ocr_line' id='line_1_12' title="bbox 94 684 1523 725; baseline -0.003 -6"><span class='ocrx_word' id='word_1_117' title='bbox 94 690 172 719; x_wconf 80' lang='lat' dir='ltr'><strong>dicti</strong></span> <span class='ocrx_word' id='word_1_118' title='bbox 195 689 233 718; x_wconf 88' lang='lat' dir='ltr'>de</span> <span class='ocrx_word' id='word_1_119' title='bbox 248 688 443 717; x_wconf 80' lang='lat' dir='ltr'>Padolirana</span> <span class='ocrx_word' id='word_1_120' title='bbox 466 697 563 725; x_wconf 82' lang='lat' dir='ltr'>prope</span> <span class='ocrx_word' id='word_1_121' title='bbox 578 685 775 722; x_wconf 31' lang='lat' dir='ltr'>Mantuani&amp;</span> <span class='ocrx_word' id='word_1_122' title='bbox 799 696 847 715; x_wconf 90' lang='lat' dir='ltr'>wo</span> <span class='ocrx_word' id='word_1_123' title='bbox 872 696 905 715; x_wconf 74' lang='lat' dir='ltr'>er</span> <span class='ocrx_word' id='word_1_124' title='bbox 930 684 1009 715; x_wconf 83' lang='grc'>1016</span> <span class='ocrx_word' id='word_1_125' title='bbox 1032 686 1130 714; x_wconf 74' lang='lat' dir='ltr'>starb.</span> <span class='ocrx_word' id='word_1_126' title='bbox 1169 687 1291 715; x_wconf 67' lang='lat' dir='ltr'>Dessen</span> <span class='ocrx_word' id='word_1_127' title='bbox 1307 687 1381 714; x_wconf 77' lang='lat' dir='ltr'>Vita</span> <span class='ocrx_word' id='word_1_128' title='bbox 1399 686 1523 715; x_wconf 73' lang='grc'>50111181)</span> 
     </span>
     <span class='ocr_line' id='line_1_13' title="bbox 93 725 1524 768; baseline -0.003 -8"><span class='ocrx_word' id='word_1_129' title='bbox 93 732 145 760; x_wconf 83' lang='lat' dir='ltr'>ein</span> <span class='ocrx_word' id='word_1_130' title='bbox 168 729 363 768; x_wconf 74' lang='lat' dir='ltr'>Anonymus</span> <span class='ocrx_word' id='word_1_131' title='bbox 386 726 574 757; x_wconf 65' lang='lat' dir='ltr'>Monachus</span> <span class='ocrx_word' id='word_1_132' title='bbox 597 726 873 757; x_wconf 72' lang='lat' dir='ltr'>Padolircmensis</span> <span class='ocrx_word' id='word_1_133' title='bbox 895 726 1062 763; x_wconf 81' lang='lat' dir='ltr'>(Mabillon</span> <span class='ocrx_word' id='word_1_134' title='bbox 1086 728 1141 756; x_wconf 92' lang='lat' dir='ltr'>VI.</span> <span class='ocrx_word' id='word_1_135' title='bbox 1166 726 1192 756; x_wconf 92' lang='lat'>1.</span> <span class='ocrx_word' id='word_1_136' title='bbox 1218 738 1245 765; x_wconf 87' lang='lat' dir='ltr'>p.</span> <span class='ocrx_word' id='word_1_137' title='bbox 1270 725 1460 763; x_wconf 73' lang='lat'>151—1‹58);</span> <span class='ocrx_word' id='word_1_138' title='bbox 1484 728 1524 756; x_wconf 86' lang='lat' dir='ltr'>ob</span> 
     </span>
     <span class='ocr_line' id='line_1_14' title="bbox 93 767 1522 808; baseline -0.002 -7"><span class='ocrx_word' id='word_1_139' title='bbox 93 772 173 802; x_wconf 80' lang='lat' dir='ltr'>auch</span> <span class='ocrx_word' id='word_1_140' title='bbox 190 772 250 800; x_wconf 87' lang='lat' dir='ltr'>den</span> <span class='ocrx_word' id='word_1_141' title='bbox 267 772 411 808; x_wconf 86' lang='lat' dir='ltr'>Hymnus</span> <span class='ocrx_word' id='word_1_142' title='bbox 420 772 435 799; x_wconf 71' lang='grc' dir='ltr'>ἱ)</span> <span class='ocrx_word' id='word_1_143' title='bbox 466 770 510 799; x_wconf 87' lang='lat' dir='ltr'>Er</span> <span class='ocrx_word' id='word_1_144' title='bbox 528 771 570 798; x_wconf 87' lang='lat' dir='ltr'>ist</span> <span class='ocrx_word' id='word_1_145' title='bbox 586 771 627 798; x_wconf 88' lang='grc'>1111</span> <span class='ocrx_word' id='word_1_146' title='bbox 646 770 807 798; x_wconf 81' lang='lat' dir='ltr'>Verstnass</span> <span class='ocrx_word' id='word_1_147' title='bbox 824 770 879 799; x_wconf 82' lang='lat' dir='ltr'>des</span> <span class='ocrx_word' id='word_1_148' title='bbox 897 769 1191 808; x_wconf 79' lang='lat' dir='ltr'>Agatha-Hymnus</span> <span class='ocrx_word' id='word_1_149' title='bbox 1206 769 1273 806; x_wconf 86' lang='lat' dir='ltr'>(Nr.</span> <span class='ocrx_word' id='word_1_150' title='bbox 1292 767 1370 805; x_wconf 72' lang='lat'>1:34),</span> <span class='ocrx_word' id='word_1_151' title='bbox 1388 769 1522 798; x_wconf 83' lang='lat' dir='ltr'><strong>welches</strong></span> 
     </span>
     <span class='ocr_line' id='line_1_15' title="bbox 93 812 516 843; baseline -0.009 0"><span class='ocrx_word' id='word_1_152' title='bbox 93 816 125 843; x_wconf 86' lang='lat' dir='ltr'>in</span> <span class='ocrx_word' id='word_1_153' title='bbox 148 813 264 843; x_wconf 82' lang='lat' dir='ltr'>Italien</span> <span class='ocrx_word' id='word_1_154' title='bbox 293 812 414 842; x_wconf 80' lang='lat' dir='ltr'>beliebt</span> <span class='ocrx_word' id='word_1_155' title='bbox 443 821 516 841; x_wconf 81' lang='lat' dir='ltr'>war.</span> 
     </span>
    </p>
   </div>
   <div class='ocr_carea' id='block_1_5' title="bbox 446 975 1160 1017">
    <p class='ocr_par' dir='ltr' id='par_1_6' title="bbox 446 975 1160 1017">
     <span class='ocr_line' id='line_1_16' title="bbox 446 975 1160 1017; baseline 0.001 -9"><span class='ocrx_word' id='word_1_156' title='bbox 446 976 520 1010; x_wconf 73' lang='lat'>194.</span> <span class='ocrx_word' id='word_1_157' title='bbox 556 977 598 1009; x_wconf 89' lang='lat' dir='ltr'>In</span> <span class='ocrx_word' id='word_1_158' title='bbox 621 976 741 1009; x_wconf 79' lang='lat' dir='ltr'>sancti</span> <span class='ocrx_word' id='word_1_159' title='bbox 765 976 934 1009; x_wconf 81' lang='lat' dir='ltr'>Sualonis</span> <span class='ocrx_word' id='word_1_160' title='bbox 959 976 1025 1017; x_wconf 85' lang='lat' dir='ltr'>(vel</span> <span class='ocrx_word' id='word_1_161' title='bbox 1049 975 1160 1016; x_wconf 87' lang='lat' dir='ltr'>Soli).</span> 
     </span>
    </p>
   </div>
   <div class='ocr_carea' id='block_1_6' title="bbox 416 1051 1198 1089">
    <p class='ocr_par' dir='ltr' id='par_1_7' title="bbox 416 1051 1198 1089">
     <span class='ocr_line' id='line_1_17' title="bbox 416 1051 1198 1089; baseline 0 -9"><span class='ocrx_word' id='word_1_162' title='bbox 416 1053 600 1088; x_wconf 84' lang='lat' dir='ltr'>Hymnus</span> <span class='ocrx_word' id='word_1_163' title='bbox 620 1051 856 1080; x_wconf 76' lang='lat' dir='ltr'>Ermanriei</span> <span class='ocrx_word' id='word_1_164' title='bbox 879 1051 1198 1089; x_wconf 81' lang='lat' dir='ltr'>Ellwaugensis.</span> 
     </span>
    </p>
   </div>
   <div class='ocr_carea' id='block_1_7' title="bbox 345 1152 1236 1349">
    <p class='ocr_par' dir='ltr' id='par_1_8' title="bbox 345 1152 1236 1304">
     <span class='ocr_line' id='line_1_18' title="bbox 345 1152 1236 1204; baseline -0.003 -12"><span class='ocrx_word' id='word_1_165' title='bbox 345 1160 376 1193; x_wconf 90' lang='lat'>1.</span> <span class='ocrx_word' id='word_1_166' title='bbox 421 1152 594 1204; x_wconf 59' lang='grc' dir='ltr'>ὲϊρόδρα</span> <span class='ocrx_word' id='word_1_167' title='bbox 622 1155 814 1190; x_wconf 81' lang='lat' dir='ltr'>mirabilem</span> <span class='ocrx_word' id='word_1_168' title='bbox 843 1167 864 1186; x_wconf 73' lang='lat'>÷÷</span> <span class='ocrx_word' id='word_1_169' title='bbox 897 1156 1045 1199; x_wconf 82' lang='lat' dir='ltr'>promite</span> <span class='ocrx_word' id='word_1_170' title='bbox 1075 1156 1236 1202; x_wconf 76' lang='lat' dir='ltr'>carmine,</span> 
     </span>
     <span class='ocr_line' id='line_1_19' title="bbox 419 1208 1203 1252; baseline -0.006 -6"><span class='ocrx_word' id='word_1_171' title='bbox 419 1210 512 1246; x_wconf 86' lang='lat' dir='ltr'>Cluit</span> <span class='ocrx_word' id='word_1_172' title='bbox 539 1209 598 1252; x_wconf 84' lang='lat' dir='ltr'>qui</span> <span class='ocrx_word' id='word_1_173' title='bbox 626 1208 759 1242; x_wconf 80' lang='lat' dir='ltr'>meritis</span> <span class='ocrx_word' id='word_1_174' title='bbox 786 1219 808 1239; x_wconf 68' lang='lat'>÷÷</span> <span class='ocrx_word' id='word_1_175' title='bbox 839 1208 992 1250; x_wconf 83' lang='lat' dir='ltr'>undique</span> <span class='ocrx_word' id='word_1_176' title='bbox 1019 1208 1203 1250; x_wconf 78' lang='lat' dir='ltr'>stantibus,</span> 
     </span>
     <span class='ocr_line' id='line_1_20' title="bbox 421 1259 1204 1304; baseline -0.004 -7"><span class='ocrx_word' id='word_1_177' title='bbox 421 1259 554 1297; x_wconf 72' lang='lat' dir='ltr'>Solum</span> <span class='ocrx_word' id='word_1_178' title='bbox 582 1270 681 1303; x_wconf 83' lang='lat' dir='ltr'>quern</span> <span class='ocrx_word' id='word_1_179' title='bbox 713 1260 841 1294; x_wconf 80' lang='lat' dir='ltr'>vocitat</span> <span class='ocrx_word' id='word_1_180' title='bbox 868 1272 889 1291; x_wconf 72' lang='lat'>÷÷</span> <span class='ocrx_word' id='word_1_181' title='bbox 922 1259 1059 1294; x_wconf 88' lang='lat' dir='ltr'>nomine</span> <span class='ocrx_word' id='word_1_182' title='bbox 1087 1260 1204 1304; x_wconf 83' lang='lat' dir='ltr'>typico</span> 
     </span>
    </p>

    <p class='ocr_par' dir='ltr' id='par_1_9' title="bbox 547 1311 1102 1349">
     <span class='ocr_line' id='line_1_21' title="bbox 547 1311 1102 1349; baseline 0 -3"><span class='ocrx_word' id='word_1_183' title='bbox 547 1313 649 1346; x_wconf 85' lang='lat' dir='ltr'>Plebs</span> <span class='ocrx_word' id='word_1_184' title='bbox 677 1322 777 1346; x_wconf 77' lang='lat' dir='ltr'>sacra</span> <span class='ocrx_word' id='word_1_185' title='bbox 805 1312 855 1345; x_wconf 90' lang='grc'>510</span> <span class='ocrx_word' id='word_1_186' title='bbox 884 1311 1102 1349; x_wconf 83' lang='lat' dir='ltr'>Germanica.</span> 
     </span>
    </p>
   </div>
   <div class='ocr_carea' id='block_1_8' title="bbox 342 1415 1273 1616">
    <p class='ocr_par' dir='ltr' id='par_1_10' title="bbox 342 1415 1273 1616">
     <span class='ocr_line' id='line_1_22' title="bbox 342 1415 1137 1459; baseline -0.005 -7"><span class='ocrx_word' id='word_1_187' title='bbox 342 1420 377 1454; x_wconf 84' lang='lat'>2.</span> <span class='ocrx_word' id='word_1_188' title='bbox 420 1415 501 1452; x_wconf 80' lang='lat' dir='ltr'>Oris</span> <span class='ocrx_word' id='word_1_189' title='bbox 531 1416 589 1459; x_wconf 90' lang='lat' dir='ltr'>qui</span> <span class='ocrx_word' id='word_1_190' title='bbox 618 1415 744 1450; x_wconf 78' lang='lat' dir='ltr'>famine</span> <span class='ocrx_word' id='word_1_191' title='bbox 772 1428 793 1448; x_wconf 69' lang='lat'>÷÷</span> <span class='ocrx_word' id='word_1_192' title='bbox 825 1416 978 1458; x_wconf 85' lang='lat' dir='ltr'>undique</span> <span class='ocrx_word' id='word_1_193' title='bbox 1005 1415 1137 1459; x_wconf 81' lang='lat' dir='ltr'>colligit</span> 
     </span>
     <span class='ocr_line' id='line_1_23' title="bbox 418 1468 1273 1511; baseline -0.001 -8"><span class='ocrx_word' id='word_1_194' title='bbox 418 1469 508 1503; x_wconf 84' lang='lat' dir='ltr'>Fide</span> <span class='ocrx_word' id='word_1_195' title='bbox 538 1469 765 1502; x_wconf 81' lang='lat' dir='ltr'>corroborans</span> <span class='ocrx_word' id='word_1_196' title='bbox 793 1481 815 1500; x_wconf 69' lang='lat'>÷÷</span> <span class='ocrx_word' id='word_1_197' title='bbox 874 1468 1082 1511; x_wconf 83' lang='lat' dir='ltr'>Christoque</span> <span class='ocrx_word' id='word_1_198' title='bbox 1114 1468 1273 1511; x_wconf 82' lang='lat' dir='ltr'>populos,</span> 
     </span>
     <span class='ocr_line' id='line_1_24' title="bbox 419 1520 1248 1562; baseline -0.002 -7"><span class='ocrx_word' id='word_1_199' title='bbox 419 1522 516 1556; x_wconf 86' lang='lat' dir='ltr'>Dans</span> <span class='ocrx_word' id='word_1_200' title='bbox 545 1521 677 1554; x_wconf 84' lang='lat' dir='ltr'>claudis</span> <span class='ocrx_word' id='word_1_201' title='bbox 705 1521 810 1554; x_wconf 83' lang='lat' dir='ltr'>itiner</span> <span class='ocrx_word' id='word_1_202' title='bbox 838 1532 860 1551; x_wconf 68' lang='lat'>÷÷</span> <span class='ocrx_word' id='word_1_203' title='bbox 893 1520 1027 1562; x_wconf 82' lang='lat' dir='ltr'>expulit</span> <span class='ocrx_word' id='word_1_204' title='bbox 1055 1523 1089 1553; x_wconf 82' lang='lat' dir='ltr'>et</span> <span class='ocrx_word' id='word_1_205' title='bbox 1117 1523 1248 1554; x_wconf 84' lang='lat' dir='ltr'>taetros</span> 
     </span>
     <span class='ocr_line' id='line_1_25' title="bbox 545 1572 961 1616; baseline 0 -9"><span class='ocrx_word' id='word_1_206' title='bbox 545 1572 694 1607; x_wconf 84' lang='lat' dir='ltr'>Instanti</span> <span class='ocrx_word' id='word_1_207' title='bbox 722 1583 780 1606; x_wconf 89' lang='lat' dir='ltr'>ore</span> <span class='ocrx_word' id='word_1_208' title='bbox 804 1572 961 1616; x_wconf 89' lang='lat' dir='ltr'>spiritus.</span> 
     </span>
    </p>
   </div>
   <div class='ocr_carea' id='block_1_9' title="bbox 344 1675 1274 1876">
    <p class='ocr_par' dir='ltr' id='par_1_11' title="bbox 344 1675 1274 1823">
     <span class='ocr_line' id='line_1_26' title="bbox 344 1675 1252 1720; baseline -0.006 -7"><span class='ocrx_word' id='word_1_209' title='bbox 344 1680 378 1713; x_wconf 87' lang='lat'>3.</span> <span class='ocrx_word' id='word_1_210' title='bbox 419 1675 588 1720; x_wconf 83' lang='lat' dir='ltr'>Lingulas</span> <span class='ocrx_word' id='word_1_211' title='bbox 616 1677 764 1711; x_wconf 78' lang='lat' dir='ltr'>iusserat</span> <span class='ocrx_word' id='word_1_212' title='bbox 793 1688 814 1708; x_wconf 72' lang='lat'>÷÷</span> <span class='ocrx_word' id='word_1_213' title='bbox 846 1680 972 1710; x_wconf 80' lang='lat' dir='ltr'>statum</span> <span class='ocrx_word' id='word_1_214' title='bbox 1005 1676 1040 1710; x_wconf 88' lang='lat' dir='ltr'>in</span> <span class='ocrx_word' id='word_1_215' title='bbox 1067 1675 1252 1720; x_wconf 86' lang='lat' dir='ltr'>pristinum</span> 
     </span>
     <span class='ocr_line' id='line_1_27' title="bbox 421 1728 1165 1772; baseline -0.004 -8"><span class='ocrx_word' id='word_1_216' title='bbox 421 1729 570 1764; x_wconf 83' lang='lat' dir='ltr'>Restitui</span> <span class='ocrx_word' id='word_1_217' title='bbox 599 1739 704 1772; x_wconf 83' lang='lat' dir='ltr'>prece</span> <span class='ocrx_word' id='word_1_218' title='bbox 730 1741 752 1761; x_wconf 70' lang='lat'>÷÷</span> <span class='ocrx_word' id='word_1_219' title='bbox 783 1729 886 1763; x_wconf 84' lang='lat' dir='ltr'>mutis</span> <span class='ocrx_word' id='word_1_220' title='bbox 915 1733 949 1761; x_wconf 83' lang='lat' dir='ltr'>et.</span> <span class='ocrx_word' id='word_1_221' title='bbox 977 1728 1165 1762; x_wconf 83' lang='lat' dir='ltr'>condolens</span> 
     </span>
     <span class='ocr_line' id='line_1_28' title="bbox 421 1779 1274 1823; baseline -0.001 -8"><span class='ocrx_word' id='word_1_222' title='bbox 421 1782 541 1816; x_wconf 81' lang='lat' dir='ltr'>Caecis</span> <span class='ocrx_word' id='word_1_223' title='bbox 562 1780 629 1815; x_wconf 86' lang='lat' dir='ltr'>fert</span> <span class='ocrx_word' id='word_1_224' title='bbox 649 1781 824 1815; x_wconf 82' lang='lat' dir='ltr'>salubrem</span> <span class='ocrx_word' id='word_1_225' title='bbox 852 1793 874 1812; x_wconf 70' lang='lat'>÷÷</span> <span class='ocrx_word' id='word_1_226' title='bbox 905 1781 1027 1821; x_wconf 72' lang='lat' dir='ltr'>visum,</span> <span class='ocrx_word' id='word_1_227' title='bbox 1052 1780 1110 1823; x_wconf 91' lang='lat' dir='ltr'>qui</span> <span class='ocrx_word' id='word_1_228' title='bbox 1131 1779 1274 1815; x_wconf 84' lang='lat' dir='ltr'>caelitus</span> 
     </span>
    </p>

    <p class='ocr_par' dir='ltr' id='par_1_12' title="bbox 543 1833 1086 1876">
     <span class='ocr_line' id='line_1_29' title="bbox 543 1833 1086 1876; baseline -0.004 -8"><span class='ocrx_word' id='word_1_229' title='bbox 543 1833 609 1868; x_wconf 78' lang='lat' dir='ltr'>Est</span> <span class='ocrx_word' id='word_1_230' title='bbox 637 1843 774 1876; x_wconf 86' lang='lat' dir='ltr'>semper</span> <span class='ocrx_word' id='word_1_231' title='bbox 801 1833 894 1867; x_wconf 88' lang='lat' dir='ltr'>mitis</span> <span class='ocrx_word' id='word_1_232' title='bbox 914 1833 1086 1870; x_wconf 85' lang='lat' dir='ltr'>omnibus.</span> 
     </span>
    </p>
   </div>
   <div class='ocr_carea' id='block_1_10' title="bbox 342 1937 1274 2137">
    <p class='ocr_par' dir='ltr' id='par_1_13' title="bbox 342 1937 1274 2084">
     <span class='ocr_line' id='line_1_30' title="bbox 342 1937 1098 1979; baseline -0.003 -7"><span class='ocrx_word' id='word_1_233' title='bbox 342 1940 375 1974; x_wconf 80' lang='lat'>4.</span> <span class='ocrx_word' id='word_1_234' title='bbox 419 1937 505 1973; x_wconf 84' lang='lat' dir='ltr'>Uita</span> <span class='ocrx_word' id='word_1_235' title='bbox 533 1937 722 1971; x_wconf 83' lang='lat' dir='ltr'>consimilis</span> <span class='ocrx_word' id='word_1_236' title='bbox 751 1949 773 1968; x_wconf 68' lang='lat'>÷÷</span> <span class='ocrx_word' id='word_1_237' title='bbox 804 1937 891 1971; x_wconf 85' lang='lat' dir='ltr'>vixit</span> <span class='ocrx_word' id='word_1_238' title='bbox 920 1937 1098 1979; x_wconf 75' lang='lat' dir='ltr'>apostolis,</span> 
     </span>
     <span class='ocr_line' id='line_1_31' title="bbox 415 1988 1142 2033; baseline -0.003 -9"><span class='ocrx_word' id='word_1_239' title='bbox 415 1989 624 2033; x_wconf 77' lang='lat' dir='ltr'>Martyrium</span> <span class='ocrx_word' id='word_1_240' title='bbox 654 1988 768 2023; x_wconf 82' lang='lat' dir='ltr'>ferens</span> <span class='ocrx_word' id='word_1_241' title='bbox 796 2002 818 2022; x_wconf 69' lang='lat'>÷÷</span> <span class='ocrx_word' id='word_1_242' title='bbox 848 1989 926 2032; x_wconf 83' lang='lat' dir='ltr'>iuge</span> <span class='ocrx_word' id='word_1_243' title='bbox 954 1989 990 2023; x_wconf 91' lang='lat' dir='ltr'>in</span> <span class='ocrx_word' id='word_1_244' title='bbox 1018 1989 1142 2032; x_wconf 76' lang='lat' dir='ltr'>animo,</span> 
     </span>
     <span class='ocr_line' id='line_1_32' title="bbox 418 2040 1274 2084; baseline -0.004 -8"><span class='ocrx_word' id='word_1_245' title='bbox 418 2042 616 2084; x_wconf 84' lang='lat' dir='ltr'>Christique</span> <span class='ocrx_word' id='word_1_246' title='bbox 643 2041 813 2084; x_wconf 83' lang='lat' dir='ltr'>virginum</span> <span class='ocrx_word' id='word_1_247' title='bbox 844 2053 866 2073; x_wconf 72' lang='lat'>÷÷</span> <span class='ocrx_word' id='word_1_248' title='bbox 902 2046 1005 2084; x_wconf 82' lang='lat' dir='ltr'>atque</span> <span class='ocrx_word' id='word_1_249' title='bbox 1038 2040 1274 2075; x_wconf 79' lang='lat' dir='ltr'>confessorum</span> 
     </span>
    </p>

    <p class='ocr_par' dir='ltr' id='par_1_14' title="bbox 544 2092 1009 2137">
     <span class='ocr_line' id='line_1_33' title="bbox 544 2092 1009 2137; baseline 0.004 -9"><span class='ocrx_word' id='word_1_250' title='bbox 544 2093 696 2128; x_wconf 83' lang='lat' dir='ltr'>Coheres</span> <span class='ocrx_word' id='word_1_251' title='bbox 724 2094 854 2137; x_wconf 84' lang='lat' dir='ltr'>gaudet</span> <span class='ocrx_word' id='word_1_252' title='bbox 881 2092 1009 2130; x_wconf 85' lang='lat' dir='ltr'>uranis.</span> 
     </span>
    </p>
   </div>
   <div class='ocr_carea' id='block_1_11' title="bbox 342 2196 1252 2397">
    <p class='ocr_par' dir='ltr' id='par_1_15' title="bbox 342 2196 1252 2345">
     <span class='ocr_line' id='line_1_34' title="bbox 342 2196 1233 2244; baseline -0.003 -11"><span class='ocrx_word' id='word_1_253' title='bbox 342 2201 377 2234; x_wconf 86' lang='lat'>5.</span> <span class='ocrx_word' id='word_1_254' title='bbox 421 2196 552 2233; x_wconf 75' lang='lat' dir='ltr'>Sancta</span> <span class='ocrx_word' id='word_1_255' title='bbox 578 2208 670 2232; x_wconf 83' lang='lat' dir='ltr'>nunc</span> <span class='ocrx_word' id='word_1_256' title='bbox 697 2198 846 2244; x_wconf 81' lang='lat' dir='ltr'>trinitas,</span> <span class='ocrx_word' id='word_1_257' title='bbox 875 2210 898 2230; x_wconf 72' lang='lat'>÷÷</span> <span class='ocrx_word' id='word_1_258' title='bbox 928 2198 1081 2241; x_wconf 81' lang='lat' dir='ltr'>aequalis</span> <span class='ocrx_word' id='word_1_259' title='bbox 1111 2198 1233 2242; x_wconf 85' lang='lat' dir='ltr'>deitas,</span> 
     </span>
     <span class='ocr_line' id='line_1_35' title="bbox 418 2249 1194 2293; baseline -0.003 -9"><span class='ocrx_word' id='word_1_260' title='bbox 418 2250 574 2293; x_wconf 86' lang='lat' dir='ltr'>Dispone</span> <span class='ocrx_word' id='word_1_261' title='bbox 601 2249 752 2291; x_wconf 85' lang='lat' dir='ltr'>famulis,</span> <span class='ocrx_word' id='word_1_262' title='bbox 782 2262 805 2282; x_wconf 66' lang='lat' dir='ltr'>÷e</span> <span class='ocrx_word' id='word_1_263' title='bbox 835 2250 900 2284; x_wconf 89' lang='lat' dir='ltr'>tibi</span> <span class='ocrx_word' id='word_1_264' title='bbox 928 2249 1020 2293; x_wconf 87' lang='lat' dir='ltr'>quod</span> <span class='ocrx_word' id='word_1_265' title='bbox 1045 2250 1194 2293; x_wconf 81' lang='lat' dir='ltr'>placeat,</span> 
     </span>
     <span class='ocr_line' id='line_1_36' title="bbox 418 2301 1252 2345; baseline -0.004 -8"><span class='ocrx_word' id='word_1_266' title='bbox 418 2302 467 2337; x_wconf 86' lang='lat' dir='ltr'>Ut</span> <span class='ocrx_word' id='word_1_267' title='bbox 493 2312 584 2336; x_wconf 88' lang='lat' dir='ltr'>nunc</span> <span class='ocrx_word' id='word_1_268' title='bbox 612 2307 646 2336; x_wconf 89' lang='lat' dir='ltr'>te</span> <span class='ocrx_word' id='word_1_269' title='bbox 675 2311 800 2336; x_wconf 85' lang='lat' dir='ltr'>canere</span> <span class='ocrx_word' id='word_1_270' title='bbox 827 2314 849 2334; x_wconf 71' lang='lat'>÷÷</span> <span class='ocrx_word' id='word_1_271' title='bbox 880 2302 1014 2345; x_wconf 84' lang='lat' dir='ltr'>possint</span> <span class='ocrx_word' id='word_1_272' title='bbox 1041 2301 1252 2344; x_wconf 88' lang='lat' dir='ltr'>perenniter,</span> 
     </span>
    </p>

    <p class='ocr_par' dir='ltr' id='par_1_16' title="bbox 543 2354 1030 2397">
     <span class='ocr_line' id='line_1_37' title="bbox 543 2354 1030 2397; baseline 0 -9"><span class='ocrx_word' id='word_1_273' title='bbox 543 2354 607 2396; x_wconf 78' lang='lat' dir='ltr'>Qui</span> <span class='ocrx_word' id='word_1_274' title='bbox 637 2364 759 2397; x_wconf 84' lang='lat' dir='ltr'>regnas</span> <span class='ocrx_word' id='word_1_275' title='bbox 787 2354 822 2388; x_wconf 92' lang='lat' dir='ltr'>in</span> <span class='ocrx_word' id='word_1_276' title='bbox 851 2358 1030 2397; x_wconf 84' lang='lat' dir='ltr'>perpetuo.</span> 
     </span>
    </p>
   </div>
   <div class='ocr_carea' id='block_1_12' title="bbox 90 2473 1524 2731">
    <p class='ocr_par' dir='ltr' id='par_1_17' title="bbox 90 2473 1524 2731">
     <span class='ocr_line' id='line_1_38' title="bbox 173 2473 1523 2519; baseline -0.003 -12"><span class='ocrx_word' id='word_1_277' title='bbox 173 2478 307 2509; x_wconf 81' lang='lat' dir='ltr'>collect.</span> <span class='ocrx_word' id='word_1_278' title='bbox 337 2490 395 2509; x_wconf 82' lang='lat' dir='ltr'>ms.</span> <span class='ocrx_word' id='word_1_279' title='bbox 419 2480 629 2519; x_wconf 83' lang='lat' dir='ltr'>Sangallense</span> <span class='ocrx_word' id='word_1_280' title='bbox 659 2488 740 2509; x_wconf 84' lang='lat' dir='ltr'>saec.</span> <span class='ocrx_word' id='word_1_281' title='bbox 772 2476 800 2507; x_wconf 89' lang='grc'>9.</span> <span class='ocrx_word' id='word_1_282' title='bbox 846 2478 922 2508; x_wconf 85' lang='lat' dir='ltr'>Cod.</span> <span class='ocrx_word' id='word_1_283' title='bbox 946 2478 1130 2516; x_wconf 81' lang='lat' dir='ltr'>Sangallen.</span> <span class='ocrx_word' id='word_1_284' title='bbox 1162 2475 1232 2507; x_wconf 87' lang='lat'>571.</span> <span class='ocrx_word' id='word_1_285' title='bbox 1261 2494 1300 2497; x_wconf 97' lang='lat'><strong>—</strong></span> <span class='ocrx_word' id='word_1_286' title='bbox 1333 2474 1364 2510; x_wconf 79' lang='lat'>1,</span> <span class='ocrx_word' id='word_1_287' title='bbox 1396 2473 1410 2503; x_wconf 95' lang='grc'>1</span> <span class='ocrx_word' id='word_1_288' title='bbox 1435 2475 1523 2504; x_wconf 83' lang='lat' dir='ltr'>fodra</span> 
     </span>
     <span class='ocr_line' id='line_1_39' title="bbox 92 2516 1524 2558; baseline -0.003 -10"><span class='ocrx_word' id='word_1_289' title='bbox 92 2520 269 2550; x_wconf 84' lang='lat' dir='ltr'>mirabilem</span> <span class='ocrx_word' id='word_1_290' title='bbox 299 2521 361 2558; x_wconf 87' lang='lat' dir='ltr'>(die</span> <span class='ocrx_word' id='word_1_291' title='bbox 384 2522 514 2552; x_wconf 86' lang='lat' dir='ltr'>Initiale</span> <span class='ocrx_word' id='word_1_292' title='bbox 539 2522 559 2551; x_wconf 81' lang='lat' dir='ltr'>S</span> <span class='ocrx_word' id='word_1_293' title='bbox 591 2523 634 2550; x_wconf 84' lang='lat' dir='ltr'>ist</span> <span class='ocrx_word' id='word_1_294' title='bbox 664 2523 697 2550; x_wconf 87' lang='lat' dir='ltr'>in</span> <span class='ocrx_word' id='word_1_295' title='bbox 726 2520 781 2549; x_wconf 84' lang='lat' dir='ltr'>der</span> <span class='ocrx_word' id='word_1_296' title='bbox 804 2521 860 2549; x_wconf 88' lang='lat' dir='ltr'>Hs.</span> <span class='ocrx_word' id='word_1_297' title='bbox 891 2519 1060 2548; x_wconf 72' lang='lat' dir='ltr'>ffilschlich</span> <span class='ocrx_word' id='word_1_298' title='bbox 1088 2521 1122 2548; x_wconf 89' lang='lat' dir='ltr'>in</span> <span class='ocrx_word' id='word_1_299' title='bbox 1144 2519 1205 2548; x_wconf 87' lang='lat' dir='ltr'>den</span> <span class='ocrx_word' id='word_1_300' title='bbox 1227 2519 1354 2555; x_wconf 75' lang='lat' dir='ltr'>Ant&#39;ang</span> <span class='ocrx_word' id='word_1_301' title='bbox 1376 2517 1431 2545; x_wconf 85' lang='lat' dir='ltr'>der</span> <span class='ocrx_word' id='word_1_302' title='bbox 1454 2516 1524 2545; x_wconf 85' lang='lat' dir='ltr'>dort</span> 
     </span>
     <span class='ocr_line' id='line_1_40' title="bbox 90 2559 1522 2600; baseline -0.002 -11"><span class='ocrx_word' id='word_1_303' title='bbox 90 2561 259 2600; x_wconf 84' lang='lat' dir='ltr'>folgenden</span> <span class='ocrx_word' id='word_1_304' title='bbox 275 2563 371 2597; x_wconf 85' lang='lat' dir='ltr'>Zeile,</span> <span class='ocrx_word' id='word_1_305' title='bbox 395 2563 537 2592; x_wconf 68' lang='lat' dir='ltr'>nfirnlich</span> <span class='ocrx_word' id='word_1_306' title='bbox 560 2573 618 2592; x_wconf 86' lang='lat' dir='ltr'>vor</span> <span class='ocrx_word' id='word_1_307' title='bbox 645 2561 816 2600; x_wconf 78' lang='lat' dir='ltr'>,‚promite‘&#39;&#39;</span> <span class='ocrx_word' id='word_1_308' title='bbox 841 2561 1047 2599; x_wconf 84' lang='lat' dir='ltr'>gezeichnet).</span> <span class='ocrx_word' id='word_1_309' title='bbox 1064 2577 1104 2580; x_wconf 87' lang='lat'>—</span> <span class='ocrx_word' id='word_1_310' title='bbox 1119 2559 1147 2595; x_wconf 85' lang='grc'>2,</span> <span class='ocrx_word' id='word_1_311' title='bbox 1170 2559 1190 2591; x_wconf 84' lang='grc'><strong><em>3</em></strong></span> <span class='ocrx_word' id='word_1_312' title='bbox 1212 2560 1313 2589; x_wconf 82' lang='lat' dir='ltr'>clodis</span> <span class='ocrx_word' id='word_1_313' title='bbox 1331 2560 1426 2587; x_wconf 82' lang='lat' dir='ltr'>itiner</span> <span class='ocrx_word' id='word_1_314' title='bbox 1440 2560 1522 2593; x_wconf 84' lang='lat' dir='ltr'>(zum</span> 
     </span>
     <span class='ocr_line' id='line_1_41' title="bbox 91 2597 1524 2643; baseline -0.004 -11"><span class='ocrx_word' id='word_1_315' title='bbox 91 2603 277 2633; x_wconf 80' lang='lat' dir='ltr'>Nominativ</span> <span class='ocrx_word' id='word_1_316' title='bbox 313 2603 444 2641; x_wconf 79' lang='lat' dir='ltr'>„itiner“</span> <span class='ocrx_word' id='word_1_317' title='bbox 474 2605 538 2643; x_wconf 79' lang='lat' dir='ltr'>vgl.</span> <span class='ocrx_word' id='word_1_318' title='bbox 562 2604 733 2634; x_wconf 81' lang='lat' dir='ltr'>Forcellini</span> <span class='ocrx_word' id='word_1_319' title='bbox 765 2612 789 2631; x_wconf 87' lang='lat' dir='ltr'>S.</span> <span class='ocrx_word' id='word_1_320' title='bbox 821 2613 850 2632; x_wconf 85' lang='lat' dir='ltr'>V.</span> <span class='ocrx_word' id='word_1_321' title='bbox 880 2604 950 2637; x_wconf 85' lang='lat' dir='ltr'>iter,</span> <span class='ocrx_word' id='word_1_322' title='bbox 974 2602 1012 2638; x_wconf 88' lang='lat' dir='ltr'>b).</span> <span class='ocrx_word' id='word_1_323' title='bbox 1037 2619 1076 2623; x_wconf 97' lang='lat'><strong>—</strong></span> <span class='ocrx_word' id='word_1_324' title='bbox 1099 2601 1133 2638; x_wconf 79' lang='lat'>3,</span> <span class='ocrx_word' id='word_1_325' title='bbox 1165 2603 1178 2632; x_wconf 89' lang='lat'>1</span> <span class='ocrx_word' id='word_1_326' title='bbox 1204 2604 1352 2631; x_wconf 78' lang='lat' dir='ltr'>iussurat.</span> <span class='ocrx_word' id='word_1_327' title='bbox 1376 2615 1415 2619; x_wconf 40' lang='lat' dir='ltr'>u·-</span> <span class='ocrx_word' id='word_1_328' title='bbox 1437 2598 1472 2634; x_wconf 87' lang='lat'>4,</span> <span class='ocrx_word' id='word_1_329' title='bbox 1505 2597 1524 2627; x_wconf 79' lang='grc'><strong>2</strong></span> 
     </span>
     <span class='ocr_line' id='line_1_42' title="bbox 92 2639 1524 2684; baseline 0.001 -11"><span class='ocrx_word' id='word_1_330' title='bbox 92 2644 267 2683; x_wconf 81' lang='lat' dir='ltr'>Martyrum</span> <span class='ocrx_word' id='word_1_331' title='bbox 299 2647 400 2674; x_wconf 71' lang='lat' dir='ltr'>ferens</span> <span class='ocrx_word' id='word_1_332' title='bbox 431 2648 505 2684; x_wconf 83' lang='lat' dir='ltr'>inge</span> <span class='ocrx_word' id='word_1_333' title='bbox 536 2648 589 2684; x_wconf 88' lang='lat' dir='ltr'>qui</span> <span class='ocrx_word' id='word_1_334' title='bbox 620 2647 653 2674; x_wconf 88' lang='lat' dir='ltr'>in</span> <span class='ocrx_word' id='word_1_335' title='bbox 682 2645 804 2681; x_wconf 76' lang='lat' dir='ltr'>animo;</span> <span class='ocrx_word' id='word_1_336' title='bbox 837 2654 907 2673; x_wconf 88' lang='lat' dir='ltr'>zum</span> <span class='ocrx_word' id='word_1_337' title='bbox 930 2645 1048 2675; x_wconf 83' lang='lat' dir='ltr'>Hiatus</span> <span class='ocrx_word' id='word_1_338' title='bbox 1080 2646 1172 2684; x_wconf 84' lang='lat' dir='ltr'>„iuge</span> <span class='ocrx_word' id='word_1_339' title='bbox 1204 2644 1254 2673; x_wconf 85' lang='lat' dir='ltr'>in“</span> <span class='ocrx_word' id='word_1_340' title='bbox 1281 2642 1344 2680; x_wconf 70' lang='lat' dir='ltr'>vgl·</span> <span class='ocrx_word' id='word_1_341' title='bbox 1369 2640 1402 2675; x_wconf 73' lang='lat'>2,</span> <span class='ocrx_word' id='word_1_342' title='bbox 1431 2639 1459 2669; x_wconf 90' lang='lat'>4-</span> <span class='ocrx_word' id='word_1_343' title='bbox 1484 2657 1524 2660; x_wconf 63' lang='grc'>’-</span> 
     </span>
     <span class='ocr_line' id='line_1_43' title="bbox 150 2692 1336 2731; baseline 0.001 -8"><span class='ocrx_word' id='word_1_344' title='bbox 150 2699 291 2729; x_wconf 69' lang='grc' dir='ltr'>Β1111118,</span> <span class='ocrx_word' id='word_1_345' title='bbox 317 2699 461 2725; x_wconf 81' lang='lat' dir='ltr'>Thesauri</span> <span class='ocrx_word' id='word_1_346' title='bbox 479 2699 679 2731; x_wconf 73' lang='lat' dir='ltr'>hymnologici</span> <span class='ocrx_word' id='word_1_347' title='bbox 696 2699 904 2730; x_wconf 76' lang='lat' dir='ltr'>Hymnarium.</span> <span class='ocrx_word' id='word_1_348' title='bbox 1300 2692 1336 2724; x_wconf 87' lang='lat'>15</span> 
     </span>
    </p>
   </div>
  </div>
 </body>
</html>
