1652 2872
561 134 597 162 Β.
631 133 753 170 Hymni
775 132 813 161 de
835 132 990 168 Tempore
1012 133 1150 170 Proprii.
1533 132 1580 169 51

149 241 184 276 5.
227 239 324 272 Haec
352 242 432 272 sunt
459 237 652 280 praesentis
680 246 794 270 annua
898 238 932 272 6.
979 236 1054 270 Sint
1083 236 1168 270 haec
1196 237 1264 271 tuis
1291 236 1454 271 fidelibus

226 289 476 324 Sollemnitatis
504 288 642 331 gaudia,
977 287 1106 322 Salutis
1136 298 1249 331 causa,
1279 288 1464 332 poscimus,

226 342 320 384 Quae
348 341 496 374 mundus
524 339 649 373 iunctis
679 338 807 373 civium
976 338 1094 380 Festa,
1124 340 1278 374 salvator
1304 341 1416 382 unice,

227 392 349 427 Choris
379 392 461 426 colit
490 391 701 425 caelestium.
976 391 1174 425 Praesentis
1204 396 1237 424 et
1265 396 1466 434 perpetuae.

525 495 543 507 P·

530 506 558 530 ι.
603 496 760 536 Praesta,
788 498 900 537 pater⁷
929 502 994 536 per
1021 493 1184 536 genitum,

602 547 748 580 Praesta
776 555 840 589 per
867 546 995 579 almum
1024 545 1198 589 spiritum,

604 599 760 634 Praesta.
791 598 894 632 beata
920 597 1059 631 trinitas

602 650 649 683 Et
678 650 831 684 indivisa
857 649 983 684 unitas.

234 752 364 782 Collect.
396 763 453 782 ms.
482 751 718 789 Turonense(‘?)
746 761 828 781 saeC.
861 749 908 780 12.
954 751 1030 781 Cod.
1061 751 1208 780 Vatican.
1232 752 1310 788 Reg.
1339 748 1407 780 586.
1438 767 1479 772 —-
1509 749 1537 786 2,
1572 750 1586 780 1

153 798 273 834 paetas.
303 808 335 813 ⁴—
358 792 386 831 4,
410 793 430 823 4
452 795 611 832 perennis.
635 809 674 815 -
697 794 762 822 Der
780 794 925 831 Hymnus
949 795 990 822 ist
1009 792 1158 822 sichtlich
1181 793 1262 822 alter
1285 793 1332 821 als
1357 794 1444 822 seine
1461 792 1593 829 Quelle.

154 853 194 857 —
215 835 378 865 Abschrift
399 845 463 865 von
485 836 563 865 Rev.
586 837 628 865 H.
652 835 695 864 M.
721 836 902 864 Bannister.

600 979 654 1012 52.
691 979 732 1010 In
754 978 960 1020 Epiphania.
983 977 1144 1010 Domini.

158 1058 192 1093 1,
233 1056 330 1090 Iesus
358 1053 496 1088 refulsit
524 1055 675 1089 omnium
908 1057 941 1090 5.
983 1055 1084 1089 Felix
1114 1053 1286 1088 Iohannes
1316 1063 1472 1096 mergere

229 1108 312 1141 Pius
341 1107 544 1149 redemptor
570 1107 742 1152 gentium3
986 1107 1088 1141 Illum
1117 1106 1294 1139 tremescit
1320 1103 1472 1149 flumine,

230 1160 355 1193 Totum
384 1169 490 1202 genus
519 1158 673 1192 fidelium
985 1159 1103 1192 Potest
1133 1168 1194 1191 suo
1223 1157 1280 1200 qui
1309 1157 1475 1199 sanguine

230 1211 369 1246 Laudes
399 1210 552 1244 celebret
581 1211 811 1253 dragmatum.
984 1211 1134 1244 Peccata
1162 1209 1269 1243 cosmi
1298 1213 1445 1252 tergere.

157 1319 190 1352 2.
233 1316 340 1357 Quem
369 1315 471 1348 stella
496 1318 614 1348 natum
643 1313 777 1357 fulgida
908 1316 942 1349 6.
986 1314 1061 1347 Vox
1090 1323 1172 1356 ergo
1201 1313 1334 1356 prolem
1364 1313 1407 1346 de
1436 1312 1524 1355 polis

233 1367 410 1401 Monstrat
438 1366 568 1400 micans
597 1367 632 1400 in
661 1366 803 1400 aethera
987 1366 1153 1399 Testatur
1181 1365 1309 1398 excelsi
1338 1365 1461 1408 patris,

234 1419 430 1464 Magosque
460 1419 559 1452 duxit
587 1419 731 1461 praevia
988 1418 1107 1451 Virtus
1136 1417 1302 1460 adestque
1330 1415 1525 1459 pneumatis

233 1471 350 1515 Ipsius
378 1472 424 1505 ad
453 1470 644 1510 cunabula..
987 1469 1106 1504 Sancti
1136 1469 1253 1502 datrix
1282 1468 1514 1502 charismatis.

160 1577 194 1610 3.
238 1575 296 1608 Illi
326 1574 490 1608 cadentes
519 1575 702 1616 parvulum
911 1575 944 1608 7.
987 1573 1071 1615 Nos,
1103 1572 1251 1615 Christe,
1282 1572 1432 1614 supplici
1461 1580 1567 1616 prece

236 1626 366 1660 Pannis
395 1627 544 1660 adorant
573 1626 722 1659 obsitum
986 1626 1186 1663 Precamur,
1215 1633 1332 1658 omnes
1364 1628 1517 1668 protege'

235 1679 362 1712 Verum
392 1677 545 1711 fatentur
574 1683 607 1711 et
636 1678 746 1712 Deum
986 1678 1050 1720 Qui
1079 1677 1253 1720 praecipis
1282 1675 1467 1710 rubescere

237 1731 364 1764 Munus
392 1728 538 1763 ferendo
566 1730 760 1773 mysticum.
986 1730 1153 1764 Potenter
1181 1729 1324 1772 hydrias
1353 1738 1474 1771 aquae.

161 1836 196 1870 4.
237 1834 372 1868 Denum
403 1838 457 1867 ter
485 1843 651 1867 annorum
682 1833 788 1876 cyclis
913 1833 947 1868 8.
990 1834 1135 1868 Praesta
1163 1833 1348 1876 benignum
1377 1832 1498 1866 sedulo

239 1887 313 1920 Iam
341 1890 442 1928 parte
469 1886 589 1919 vivens
619 1886 773 1928 corporis
991 1886 1151 1919 Solamen
1180 1883 1359 1929 adiutori0J

238 1937 434 1981 Lympham
463 1938 550 1980 petit
577 1937 799 1981 baptismatis
991 1938 1194 1979 Raptosque
1221 1946 1283 1970 nos
1311 1947 1331 1969 a
1359 1938 1492 1970 tartaro

240 1989 382 2024 Cunctis
411 1999 533 2023 carens
563 1989 743 2032 contagiis.
991 1989 1151 2032 Regnare
1179 1987 1235 2022 fac
1262 1992 1375 2022 tecum
1405 1988 1497 2030 polo.

535 2094 568 2128 9.
611 2094 704 2127 Laus
733 2093 883 2128 trinitati
913 2092 1042 2136 debita,

612 2146 743 2187 Honor,
774 2148 940 2188 potestas,
970 2144 1080 2187 gloria

616 2198 822 2232 Perenniter
851 2197 895 2231 sit
923 2196 1038 2230 omnia

616 2249 686 2283 Per
713 2250 926 2283 saeculorum
955 2249 1105 2283 saecula.

249 2350 364 2387 Hymn.
396 2360 453 2380 ms.
478 2350 651 2380 Casinense
681 2360 762 2380 saec.
796 2349 843 2380 10.
889 2350 965 2380 Cod.
990 2351 1139 2379 Casinen.
1174 2348 1244 2379 506.
1268 2351 1304 2379 A.
1334 2365 1373 2369 —
1398 2351 1517 2387 Hymn.
1546 2359 1602 2378 ms.

169 2392 428 2421 Beneventanum
458 2401 540 2420 saec.
572 2390 620 2422 10.
649 2402 697 2421 ex,
747 2393 824 2422 Cod.
854 2392 1000 2420 Vatican.
1030 2391 1138 2421 Ottob.
1170 2391 1238 2420 145.
1268 2393 1304 2421 B.
1333 2407 1372 2410 —
1397 2392 1514 2428 Hymn.
1545 2401 1603 2419 ms.

170 2433 319 2461 Farfense
342 2442 424 2462 saec.
449 2430 527 2462 ¹⁰l11.
566 2434 642 2463 Cod.
665 2434 812 2462 Turicen.
836 2432 936 2463 Rhen.
960 2431 1009 2462 91.
1033 2434 1066 2463 C.
1090 2450 1127 2453 —-
1153 2435 1246 2462 BreV.
1270 2443 1326 2462 ms,
1346 2434 1498 2462 Farfense
1521 2441 1603 2461 saec.

173 2472 219 2502 11.
264 2474 340 2502 Cod.
367 2475 513 2504 Turicen.
545 2475 645 2504 Rhen.
676 2473 725 2504 82.
751 2477 788 2503 D.
816 2491 856 2494 —
879 2474 996 2512 Hymn.
1026 2485 1083 2503 ms.
1108 2475 1257 2504 Farfense
1287 2484 1369 2503 saec.
1402 2472 1480 2503 ¹⁰ss11.
1528 2473 1604 2502 Cod.

170 2516 302 2544 Roman.
325 2517 403 2545 Vitt.
426 2516 538 2545 Eman.
570 2515 628 2545 175
649 2514 744 2553 (Farf.
773 2515 812 2551 4).
836 2516 873 2545 E.
902 2531 940 2535 —
964 2517 1082 2553 Hymn.
1114 2526 1170 2544 ms.
1194 2517 1377 2545 Veronense
1408 2525 1490 2544 saec.
1525 2512 1603 2544 ¹⁰:³11.

173 2556 248 2585 Cod.
272 2558 374 2593 Capit.
398 2558 554 2587 Veronen.
576 2558 649 2587 CIX
669 2555 762 2594 (102).
786 2559 820 2586 F.
843 2573 883 2577 —-
906 2558 999 2586 Brev.
1021 2567 1078 2586 ms.
1100 2558 1219 2586 Montis
1237 2558 1392 2586 Amiatini
1416 2566 1496 2586 saec.
1524 2553 1604 2584 ¹⁰!11.

171 2597 249 2626 Cod.
272 2597 460 2628 Casanaten.
497 2597 574 2629 1907
595 2599 634 2636 (Β
663 2600 696 2628 11
720 2598 765 2634 l).
794 2600 832 2628 G.
855 2614 895 2618 —
918 2599 1035 2636 Hymn.
1064 2609 1120 2627 ms.
1145 2599 1389 2628 Severinianum
1417 2607 1499 2627 saec.
1525 2595 1602 2626 ¹⁰!11.

173 2638 250 2668 Cod.
278 2640 425 2669 Vatican.
453 2638 545 2669 7172.
575 2642 616 2670 H.
645 2656 685 2660 *—
715 2641 831 2678 Hymn.
861 2649 917 2668 ms.
949 2641 1106 2669 Bobiense
1137 2649 1218 2669 saec.
1253 2639 1299 2669 11.
1350 2640 1426 2669 Cod.
1457 2640 1602 2668 Vatican.

1366 2689 1411 2719 4*
