1652 2872
559 157 595 185 B.
630 155 751 193 Hymni
774 155 812 184 de
835 154 989 193 Tempore
1012 156 1147 192 Proprii.
1495 156 1565 195 117

392 263 427 297 3.
468 261 569 295 Hanc
596 263 632 292 tu
661 257 799 292 famulis
827 268 922 292 more
948 259 1096 302 benigno

469 312 594 346 Aulam
625 310 782 355 dederam,
813 320 880 353 qua
906 310 971 344 tibi
999 316 1080 346 vota

469 363 538 397 Sua
564 362 750 396 reddentes
779 366 1043 406 promereantur

468 415 565 449 Laxo
593 414 726 448 veniam
758 413 902 447 crimine
931 418 1065 450 cunct0.

391 521 425 554 4.
467 517 550 552 Istis
577 517 725 550 humiles
752 516 814 550 sub
844 517 1050 560 tegumentis

467 569 591 604 Plebes
620 567 734 602 reficis
765 578 912 611 corpore
941 572 1060 602 sancto

467 620 612 655 Necnon
640 621 773 655 salubri
800 620 977 663 sanguinis
1006 620 1144 664 haustu,

469 672 583 707 Vitam
613 673 754 716 capiant
781 672 832 706 sic
860 678 898 706 ut
925 681 1116 707 amoenam.

390 780 423 813 5.
467 776 542 818 His,
573 780 607 809 te
634 776 794 821 petimus,
824 786 886 810 nos
914 785 1047 819 quoque
1075 776 1177 811 tectis

467 827 603 863 Sentire
631 833 724 862 tuam
754 837 820 871 quo
848 828 1013 871 pietatem

464 882 556 916 Fore
583 885 800 922 praesentem
828 889 966 924 semper
993 879 1029 913 in
1055 879 1123 914 isto

467 932 612 975 Templo
641 931 759 966 famuli
791 932 840 966 sic
867 932 1058 975 valeamus,

390 1038 424 1072 6.
467 1036 625 1072 Clemens
656 1036 792 1070 bonitas
821 1040 857 1070 ut
885 1040 944 1070 tua
971 1039 1107 1069 nostras

466 1088 613 1122 Placata
641 1097 763 1131 preces
791 1088 911 1122 audiat
938 1091 1041 1130 atque

468 1139 615 1174 Veniam
643 1139 743 1174 nobis
771 1140 928 1182 porrigat
954 1139 1064 1182 illam,

466 1192 558 1236 Quae
586 1201 648 1225 nos
677 1191 825 1234 patriam
854 1193 959 1227 ducat
986 1191 1022 1225 in
1049 1190 1170 1233 altam,

392 1297 424 1333 7.
468 1296 508 1330 In
535 1305 602 1338 qua
629 1294 692 1330 tibi
720 1294 765 1328 sit
792 1294 904 1338 gloria
931 1304 1068 1340 perpes,

467 1347 559 1381 Laus
587 1350 690 1389 atque
719 1347 836 1389 decuS,
866 1347 924 1389 qui
952 1346 1046 1380 Deus
1073 1355 1160 1379 unus

466 1399 536 1433 Per
565 1403 688 1433 cuncta
714 1408 868 1441 manens,
899 1402 1022 1432 cuncta
1049 1396 1258 1442 gubernans,

467 1451 596 1485 Vivens
624 1450 792 1485 Dominus
819 1450 958 1484 saecula
985 1449 1105 1484 saecli.

223 1564 318 1602 Trop.
352 1566 383 1593 et
412 1565 529 1601 Hymn.
564 1573 620 1593 ms.
650 1563 873 1593 Rhenoviense
902 1564 927 1599 (‘?
958 1561 1179 1601 Sangallense)
1205 1572 1287 1592 saec.
1320 1561 1366 1591 11.
1398 1564 1440 1591 in.
1492 1562 1569 1592 Cod.

139 1606 285 1635 Turicen.
302 1605 402 1635 Rhen.
426 1603 474 1634 97.
498 1621 539 1625 —
561 1603 589 1640 2,
611 1603 632 1634 4
647 1606 835 1643 Nostroque.
858 1622 899 1626 —
920 1604 949 1642 4,
973 1604 993 1633 4
1008 1607 1090 1634 sicut
1105 1614 1279 1634 amoenam.
1296 1621 1337 1624 —
1353 1603 1380 1640 5,
1404 1603 1424 1633 4
1440 1604 1568 1633 famulis

141 1649 194 1676 sic.
218 1663 259 1667 -
275 1648 336 1677 Die
351 1647 452 1677 Cfistlr
473 1649 516 1676 ist
531 1651 607 1676 stets
622 1647 704 1677 nach
720 1647 775 1676 der
791 1646 819 1676 5.
836 1647 925 1677 Silbe
941 1647 1154 1686 eingehalten.
1171 1662 1205 1667 —
1222 1647 1285 1676 Cfr.
1301 1647 1446 1682 lVerner,
1472 1656 1501 1684 p.
1516 1643 1568 1675 40.

566 1842 640 1874 106.
674 1842 715 1874 In
738 1842 981 1874 Dedicatione
1004 1842 1155 1882 Templi.

392 1961 424 1996 1.
469 1960 602 1994 Cuncta
629 1960 687 2002 qui
714 1963 799 1993 nutu
827 1960 926 2003 regit,
956 1960 1050 1994 orbis
1079 1959 1254 2002 conditor,

466 2012 655 2046 Moderans
684 2011 775 2046 vices
804 2011 947 2046 volubili
976 2016 1131 2054 tempore

467 2065 574 2098 Aram
602 2064 807 2098 sacrandam
832 2064 983 2106 principi
1013 2063 1230 2097 sanctissimo

467 2116 635 2151 Sanxerat
663 2115 744 2149 olim
772 2115 973 2159 triumphali
1001 2116 1123 2160 gloria.

389 2231 425 2265 2.
469 2230 653 2264 Procerum
682 2240 843 2274 summus,
873 2233 1085 2273 propagator
1113 2230 1274 2273 optimus,

468 2282 640 2325 Salomon,
668 2283 765 2325 pacis
793 2282 959 2325 templum
988 2282 1061 2316 Deo
1089 2281 1229 2316 dedicat

469 2333 606 2368 Gaudio
635 2344 777 2373 summo,
802 2334 964 2377 largitate
993 2333 1108 2376 patria

469 2385 575 2420 Sacro
605 2385 739 2420 dierum
768 2385 820 2418 bis
849 2390 992 2427 septeno
1020 2394 1174 2422 numero,

392 2491 426 2524 3.
468 2489 562 2532 Ergo
591 2489 742 2524 votivum
771 2489 987 2523 modulemur
1015 2489 1198 2531 canticum,

467 2540 610 2574 Festum
639 2541 755 2575 devoti
784 2540 996 2574 celebremus
1022 2540 1217 2582 mysticum,

469 2592 583 2626 Corde
608 2592 743 2633 sinceri,
774 2593 919 2626 caritate
948 2590 1086 2635 fervidi,

468 2644 658 2686 Augustam
687 2645 803 2678 sedem
833 2648 869 2677 ut
898 2644 1067 2685 possimus
1096 2643 1275 2679 scandere.
