1652 2872
497 146 532 174 B.
566 143 688 180 Hymni
711 142 749 170 de
771 142 926 179 Tempore
949 142 1085 180 Proprii.
1469 141 1517 179 89

172 246 237 275 Der
259 246 363 275 uralte
385 247 532 283 Hymnus
553 244 629 282 (vgl.
653 244 970 282 Schlussbemerkung
992 255 1047 274 zur
1069 246 1237 283 folgenden
1260 246 1326 283 ΝΥ.)
1348 246 1414 275 lebt
1435 244 1518 274 noch

83 286 148 315 fort
178 287 220 316 im
247 287 388 325 jetzigen
409 284 606 316 Romischen
628 283 791 321 Βνθυιεφῃε
819 285 895 314 aber
917 287 950 314 in
974 287 1074 325 vollig
1098 289 1316 317 verzindertem
1339 287 1516 317 Gewzande

83 325 143 356 Ad
166 326 274 365 reyias
296 326 378 364 aqm'
399 325 501 365 dapes
521 327 525 364 Ι
546 327 644 356 stolis
665 328 772 356 amicti
796 326 941 356 candidis
965 330 1033 362 etc„
1056 338 1085 357 u.
1110 338 1193 357 zwa1
1215 330 1265 357 fur
1289 329 1459 357 Dominica
1482 329 1516 357 in

83 368 188 398 Albis.
210 386 250 390 —
273 369 345 406 Vgl
367 370 461 398 Anal.
484 370 602 407 Hymn
628 368 761 403 XXVII
785 366 834 397 88.

487 520 540 552 84.
573 521 615 552 In
639 521 926 553 Resurrectione
952 521 1114 552 Domini.

546 584 601 613 Ad
631 585 860 614 Matutinas
890 584 1059 613 Laudes.

87 681 118 716 1.
163 681 301 714 Aurora
328 679 415 713 lueis
444 680 575 720 rutilat,
861 681 896 714 6.
940 679 1104 714 Sermone
1133 678 1262 714 blando
1291 680 1432 723 angelus

160 732 301 766 Caelum
330 731 489 766 laudibus
514 731 660 773 intonat,
938 731 1116 766 Praedixit
1143 731 1366 765 mulieribus:

160 784 315 818 Mundus
343 783 520 818 exsultans
548 783 686 827 iubHat,
944 783 1006 827 „ln
1034 783 1193 817 Galilaea
1216 783 1383 818 Dominus

162 835 312 870 Gemens
339 834 498 869 infernus
526 835 648 878 ululat,
940 835 1117 870 Videndus
1145 839 1197 869 est
1226 834 1462 878 quantocius.“

940 927 1026 962 Illae
1056 927 1136 961 dum
1165 931 1314 970 pergunt
1343 928 1477 961 concite

862 930 881 964 «Ἰ

83 931 119 965 2.
166 928 249 963 Cum
280 937 343 962 rex
370 929 431 962 ille
459 926 668 962 fortissimus

161 981 287 1015 Mortis
312 979 499 1014 confractis
528 980 660 1014 viribus
940 980 1118 1022 Apostolis
1147 979 1212 1013 hoe
1241 979 1367 1017 dicere,

160 1033 255 1067 Pede
284 1033 491 1067 conculcans
518 1036 653 1066 tartara
939 1031 1107 1065 Videntes
1137 1041 1212 1064 eum
1242 1031 1369 1069 vivere,

162 1084 274 1120 Solvit
302 1088 424 1118 catena
451 1084 607 1118 miseros
939 1083 1105 1118 Osculant
1133 1084 1241 1125 pedes
1269 1082 1420 1117 Domini.

77 1179 117 1215 3.
160 1177 236 1218 Ille,
266 1177 325 1220 qui
354 1178 490 1211 clausus
517 1177 636 1219 lapide
830 1177 851 1211 8
883 1205 891 1213 .
936 1177 1009 1218 Quo
1038 1176 1154 1219 agnito
1184 1176 1346 1218 discipuli

159 1229 363 1264 Custoditur
391 1229 454 1263 sub
481 1229 601 1275 milite,
936 1229 975 1262 In
1005 1228 1164 1262 Galilaea
1193 1237 1342 1270 propere

159 1281 391 1324 Triumphans
421 1291 549 1324 pompa
577 1280 685 1314 nobili
937 1280 1089 1323 Pergunt
1118 1279 1237 1314 videre
1266 1278 1389 1313 faciem

158 1333 279 1367 Victor
305 1333 417 1376 surgit
446 1333 490 1367 de
518 1331 650 1368 funere.
940 1332 1181 1366 Desideratam
1210 1332 1362 1368 Domini.

78 1429 116 1462 4.
158 1426 287 1461 Solutis
314 1425 384 1459 iam
413 1426 598 1469 gemitibus
856 1427 890 1460 9.
932 1425 1036 1460 Claro
1065 1425 1223 1468 paschali
1251 1425 1376 1468 gaudio

156 1478 205 1512 Et
231 1476 359 1512 inferni
391 1477 569 1512 doloribus
933 1477 993 1511 Sol
1021 1477 1150 1510 mundo
1179 1477 1267 1510 nitet
1295 1477 1408 1521 radio,

164 1530 271 1574 „Quia
298 1530 450 1563 surrexit
478 1529 666 1563 Dominus‘·
933 1530 1017 1564 Cum
1050 1529 1224 1563 Christum
1253 1529 1321 1562 iam
1346 1529 1496 1571 apostoli

158 1581 353 1625 Splendens
383 1583 510 1616 clamat
537 1582 691 1624 angelus.
932 1581 1019 1615 Visu
1048 1585 1192 1614 cernunt
1219 1590 1401 1623 corporeo,

84 1677 121 1710 5.
164 1675 297 1709 Tristes
325 1679 424 1708 erant
451 1674 601 1717 apostoli
832 1676 890 1709 10.
935 1675 1083 1709 Ostensa
1111 1674 1177 1707 sibi
1206 1674 1350 1708 vulnera

159 1727 212 1760 De
240 1736 323 1760 nece
351 1727 403 1760 sui
431 1726 582 1769 Domini,
933 1727 974 1760 In
999 1726 1131 1760 Christi
1158 1735 1261 1760 carne
1290 1725 1424 1770 fulgida

165 1779 271 1820 Quem
299 1788 411 1821 poena
438 1779 559 1812 mortis
588 1778 722 1812 crudeli
937 1778 1183 1812 Resurrexisse
1211 1778 1395 1812 Dominum

164 1830 265 1865 Saevi
294 1831 501 1864 damnarunt
528 1831 639 1874 impii.
937 1831 1029 1864 Voce
1058 1829 1211 1864 fatentur
1238 1829 1389 1872 publica.

458 1925 517 1959 11.
558 1924 647 1966 Rex,
678 1924 826 1966 Christe,
858 1923 1136 1967 clementissime⁷

559 1976 612 2009 Tu
641 1976 747 2010 corda
775 1979 895 2010 nostra
923 1976 1074 2018 posside,

562 2029 612 2063 Ut
639 2028 704 2062 tibi
731 2028 854 2062 laudes
884 2028 1019 2062 debitas

560 2080 761 2114 Reddamus
790 2080 882 2115 omni
909 2085 1076 2122 tempore.

167 2182 301 2218 Quellen
324 2183 394 2211 sind
418 2183 468 2211 die
491 2183 637 2221 gleichen
663 2183 722 2211 wie
746 2183 831 2212 beim
851 2183 1134 2220 vorhergehenden
1146 2183 1293 2220 Hymnus
1313 2179 1386 2216 „Ad
1402 2189 1511 2210 cenam

82 2221 197 2261 ayni“;
220 2233 280 2252 nur
302 2224 395 2252 riickt
416 2224 467 2253 fiir
482 2225 509 2253 A
532 2226 600 2253 ein:
625 2226 742 2263 Hymn.
766 2235 822 2254 ms.
841 2225 1052 2253 Hibernicum
1071 2234 1152 2253 saec.
1171 2223 1198 2253 9.
1216 2226 1257 2252 in.
1295 2223 1370 2252 Cod.
1387 2223 1514 2252 Carols-

83 2265 192 2294 ruhan.
216 2265 297 2303 Aug.
321 2266 443 2295 CXCV.
466 2266 503 2295 A.
534 2282 573 2285 ψ
597 2266 641 2295 Es
665 2266 815 2295 kommen
838 2267 872 2294 in
898 2266 1038 2304 Wegfall
1061 2266 1118 2294 das
1144 2265 1289 2302 „Rituale
1314 2275 1371 2293 ms.
1395 2265 1513 2293 Dunel-

83 2304 209 2335 mense“
241 2308 338 2336 sowie
362 2308 419 2343 QV
448 2305 466 2336 f
494 2308 558 2336 und
583 2305 606 2336 l.
633 2323 673 2327 —
695 2307 893 2344 Umgekehrt
915 2307 1004 2336 dient
1025 2307 1094 2336 hier
1117 2308 1164 2335 als
1188 2307 1317 2343 Quelle:
1346 2306 1512 2343 Martyrol.

84 2351 115 2376 et
137 2348 254 2385 Hymn.
277 2357 334 2376 ms.
357 2348 576 2378 Modoetinum
588 2348 627 2385 (22)
651 2358 732 2378 saec.
756 2348 784 2377 9.
826 2349 902 2377 Cod.
927 2348 1029 2386 Capit.
1054 2349 1211 2377 Veronen.
1235 2348 1290 2377 XC
1312 2346 1384 2384 (85).
1407 2355 1450 2377 ln.
1474 2363 1513 2366 —

84 2389 187 2418 Somit
216 2390 259 2417 ist
287 2389 409 2426 Irland,
439 2390 565 2423 Italien,
594 2390 813 2419 Deutschland
836 2390 901 2418 und
924 2389 1119 2418 Frankreich
1144 2391 1193 2419 bei
1224 2390 1343 2418 diesem
1367 2389 1514 2426 Hymnus

84 2430 182 2459 durch
205 2432 273 2460 eine
291 2431 404 2467 Quelle
427 2431 481 2460 des
503 2429 532 2460 9.
555 2431 667 2460 Jahrb.
689 2434 858 2460 vertreten.
883 2448 921 2452 —
944 2431 1042 2460 Nieht
1056 2431 1279 2460 kollationiert
1302 2431 1372 2459 sind
1388 2430 1509 2459 EGMN

83 2470 106 2502 b
129 2479 152 2509 g
169 2469 236 2549 lh,'1
260 2513 382 2543 rutulat
397 2514 433 2549 A,
458 2514 593 2543 rutilans
610 2514 648 2542 K.
670 2529 710 2534 —-
735 2512 760 2548 1,
785 2511 804 2542 2
827 2513 1000 2542 laudabilis
1023 2515 1149 2542 intonat
1172 2512 1202 2543 (l.
1227 2529 1267 2532 —-
1292 2512 1316 2548 l,
1340 2511 1359 2542 3
1376 2513 1513 2541 exsultat

84 2554 199 2583 iubilat
221 2556 272 2584 FP
296 2561 314 2585 e
338 2553 370 2591 i,
391 2555 518 2584 exsulta
541 2563 584 2585 111.
608 2571 648 2574 —-
671 2553 699 2590 2,
723 2552 742 2584 3
764 2555 911 2584 conculta
934 2553 988 2589 K1,
1012 2555 1173 2584 concultat
1196 2554 1258 2588 ΚΞ,
1281 2558 1417 2583 tartaros
1440 2554 1466 2582 T
1491 2553 1512 2583 d

84 2594 202 2631 (wiirde
226 2596 400 2635 allerdings
423 2596 485 2625 den
507 2598 597 2626 Reim
622 2596 765 2631 wahren;
790 2597 866 2625 aber
888 2596 943 2624 der
965 2595 1043 2625 fehlt
1062 2596 1142 2625 auch
1159 2594 1187 2629 9,
1211 2594 1247 2631 ὃς
1275 2594 1320 2626 10,
1344 2594 1377 2626 3:
1405 2594 1449 2629 11,
1474 2593 1512 2629 3).

85 2652 126 2657 -
157 2635 193 2673 2,
224 2635 244 2666 4
267 2638 371 2667 Solvit
399 2647 418 2666 a
448 2647 550 2675 poena
572 2638 791 2667 FHIKLPRY
820 2644 842 2667 a
871 2636 961 2673 (iiber
983 2637 1096 2673 Rasur)
1120 2644 1138 2667 e
1162 2644 1180 2666 e
1204 2636 1216 2666 i
1240 2635 1273 2666 k.
1296 2653 1336 2656 —
1358 2635 1392 2671 3,
1421 2635 1433 2665 1
1460 2638 1513 2674 qui
