1652 2872
534 169 570 197 B.
603 169 725 205 Hymni
747 168 784 197 de
806 168 961 205 Tempore
983 168 1118 206 Proprii.
1474 169 1545 206 105

120 273 156 308 3.
200 273 383 317 Consigna‚
412 273 500 307 bone
527 273 685 316 Domine,
863 275 899 308 4.
939 273 1119 315 Emanuel,
1149 285 1211 308 nos
1239 273 1367 317 perfice

198 323 271 358 Nos
296 325 346 359 tui
375 325 491 358 vultus
519 324 658 368 lumine,
940 325 993 358 Tu
1020 325 1130 368 patris
1158 326 1203 360 ad
1233 326 1414 369 imaginem

197 375 255 409 Sic
281 375 477 409 intellectus
504 375 695 421 splendeat,
939 376 1027 419 Quin
1056 380 1089 408 et
1114 376 1374 411 similitudinem

198 426 246 461 Ut
273 431 307 460 te
335 436 394 461 cor
422 427 496 460 viso
523 427 682 468 gaudeat.
939 427 1048 461 Donis
1078 427 1338 470 intelliyentiae.

594 553 628 585 5.
670 549 723 584 Sit
751 545 900 584 trinitati
927 547 1050 600 gloria.

787 685 866 719 VII.

116 769 151 804 1.
195 767 389 810 Complevit
415 777 501 810 opus
527 767 674 809 septimo
863 769 896 802 3.
939 769 1003 813 Tu,
1033 768 1183 810 Christe,
1213 771 1331 802 nostra
1357 769 1507 813 requies,

191 819 258 854 Die
288 820 393 865 Deus,
424 819 515 862 quod
545 817 691 865 fecerat,
938 821 1043 854 ltlites
1072 825 1105 853 et
1134 820 1239 854 corde
1266 820 1412 854 humiles

192 873 265 914 Quo
295 872 516 914 requiescens
545 871 691 906 sabbato
938 872 1010 906 Nos
1039 872 1074 905 in
1102 876 1136 905 te
1165 871 1304 906 tandem
1335 873 1507 914 compleas

191 923 385 966 Benedicit‚
415 923 619 958 sanctificat.
938 924 1070 967 Spiritu
1097 924 1304 966 sapientiae.

113 1049 149 1084 2.
190 1049 316 1082 Aetate
343 1048 450 1082 saecli
477 1048 625 1092 septima
857 1051 890 1084 4.
935 1049 987 1083 Sit
1014 1048 1163 1082 trinitati
1191 1048 1311 1091 gloria7

190 1100 230 1133 In
258 1100 449 1134 animarum
477 1100 595 1142 requie
937 1101 1065 1143 Virtus,
1095 1100 1215 1145 honor,
1245 1100 1402 1143 victoria,

189 1151 343 1195 Quiescit
368 1156 564 1186 sanctarum
592 1153 699 1197 Deus,
933 1154 1042 1195 Quam
1071 1162 1133 1186 sua
1158 1152 1303 1186 laudant
1330 1161 1437 1195 opera

191 1204 341 1246 Quarum
368 1203 524 1238 laborem
552 1205 688 1238 tulerat.
935 1206 975 1239 In
1005 1204 1218 1238 saeculorum
1247 1204 1395 1238 saecula.

769 1330 866 1364 VIII.

114 1411 148 1446 1.
190 1411 274 1446 Dies
301 1416 464 1454 aetasque
493 1413 616 1446 ceteris
855 1416 890 1449 4,
933 1412 1037 1447 Cuius
1067 1412 1224 1446 videntes
1254 1411 1376 1445 faciem

188 1462 318 1497 Oetam
346 1464 508 1506 splendet
536 1464 699 1505 sanctior,
935 1464 1198 1506 Contiguremur
1225 1463 1376 1508 gloriae3

184 1516 225 1549 In
252 1519 287 1548 te
314 1525 428 1559 quam,
459 1516 548 1558 Iesu,
578 1526 770 1561 consecras,
933 1517 983 1551 Te
1012 1525 1268 1558 cognoscamus,
1299 1515 1387 1548 sicut
1416 1524 1461 1561 es,

184 1566 375 1602 Primitiae
401 1568 630 1611 sumentium.
690 1593 694 1594 γ
933 1569 960 1603 O
990 1578 1073 1602 vera
1100 1568 1159 1601 lux
1187 1572 1220 1601 et
1249 1567 1411 1601 suavitas.

105 1692 141 1726 2.
185 1690 237 1724 Tu
265 1690 329 1725 tibi
359 1697 494 1726 nostras
522 1692 653 1726 animas
849 1696 883 1729 5.
929 1693 1096 1735 Regnum⁷
1129 1701 1203 1726 cum
1233 1691 1326 1734 patri
1355 1691 1503 1726 traditos

183 1742 284 1776 Nunc
312 1744 424 1787 primo
453 1744 698 1786 conresuscita‚
928 1745 1054 1779 Plenos
1081 1746 1220 1786 septeno
1249 1743 1438 1779 chrismate

189 1794 269 1829 Tibi
298 1799 505 1839 consurgant
534 1805 681 1839 corpora
928 1797 967 1831 In
996 1800 1101 1830 temet
1129 1806 1191 1830 nos
1219 1795 1398 1838 laetificam,

184 1846 342 1881 Secunda
370 1852 481 1882 morte
509 1847 632 1883 libera.
928 1849 1163 1890 Consummes⁷
1193 1852 1314 1882 sancta
1342 1847 1492 1882 trinitas.

104 1971 140 2005 3.
186 1971 333 2013 Tibique
359 1981 439 2005 mox
467 1971 502 2005 in
530 1971 688 2017 nubibus,
848 1974 882 2008 6.
927 1973 978 2007 Sit
1008 1973 1157 2006 trinitati
1187 1972 1306 2016 gloria,

184 2023 332 2064 Christe,
360 2022 514 2058 feramur
541 2024 677 2058 obviam
926 2025 1055 2066 Virtus,
1085 2024 1205 2068 honor,
1236 2023 1394 2066 victoria,

184 2075 311 2109 Tecum
341 2075 465 2110 victuri
493 2076 676 2122 perpetim,
925 2077 1034 2119 Quam
1061 2086 1123 2110 sua
1150 2076 1295 2110 laudant
1323 2084 1429 2118 opera

183 2127 235 2160 Tu
263 2127 345 2171 vita,
376 2128 595 2165 resurrectio.
930 2130 970 2162 ln
999 2128 1214 2162 saeculorum
1242 2127 1391 2162 saecula.

186 2250 406 2280 Hexaemeron
429 2260 486 2279 ms.
509 2250 664 2288 Amnisss)
685 2261 766 2281 saec.
793 2249 839 2280 12.
886 2252 960 2281 Cod.
986 2252 1326 2290 Claustzwoueobmgen.
1350 2248 1419 2279 3336
1446 2266 1483 2270 -—
1506 2251 1531 2279 Ι.

103 2289 133 2327 2,
156 2288 175 2319 3
191 2291 271 2326 Quo.
293 2307 335 2311 —-
356 2293 397 2320 Π.
423 2291 448 2326 1,
472 2290 492 2320 4
509 2293 662 2322 Secunda
687 2309 726 2312 —-
742 2294 796 2321 VL
820 2291 847 2327 4
874 2292 893 2322 2
908 2294 953 2322 Te
977 2295 1085 2331 patris
1113 2309 1148 2313 —
1166 2294 1237 2322 VII.
1264 2293 1289 2328 1,
1314 2291 1332 2320 2
1349 2293 1416 2321 Deo
1434 2293 1531 2321 Deus.

104 2348 143 2352 —
165 2332 253 2361 VIII.
284 2330 318 2368 5,
348 2331 368 2362 3
395 2332 582 2362 laetificans.
613 2350 650 2353 —
674 2335 712 2363 In
741 2334 797 2363 der
818 2335 1044 2363 Hs.sch1iesst
1067 2334 1134 2363 sich
1157 2344 1198 2363 an
1221 2335 1276 2363 das
1300 2335 1530 2366 Hexaemeron

104 2372 186 2401 noch
208 2373 290 2402 dazu
305 2374 473 2413 gehorend
499 2377 569 2404 eine
585 2376 754 2413 Expositio
771 2376 824 2404 des
841 2376 936 2405 Pater
951 2377 1076 2410 Noster
1100 2377 1234 2405 alsdann
1249 2376 1316 2404 dies
1304 2385 1353 2404 er
1368 2376 1529 2412 Hymnen-

102 2414 228 2451 >zyklus,
251 2399 322 2444 dere
328 2416 395 2444 also
418 2397 501 2445 ννο111
524 2426 597 2445 vom
619 2417 766 2455 gleichen
782 2417 947 2446 Verfasser
969 2419 1011 2445 ist
1032 2419 1091 2446 wie
1115 2417 1170 2446 das
1191 2419 1430 2446 Hexaemeron:
1456 2416 1531 2444 aber

103 2465 168 2484 wer
194 2457 236 2484 ist
260 2455 408 2492 „Aron“‘?
439 2473 475 2477 —
501 2458 546 2486 Es
577 2458 678 2487 heben
709 2457 776 2486 sich
801 2458 941 2487 deutlich
964 2458 1037 2487 aoht
1059 2459 1284 2488 verschiedene
1308 2459 1457 2495 Hymnen
1480 2457 1529 2487 ab,

104 2497 138 2525 in
167 2497 270 2526 denen
293 2499 327 2535 je
357 2499 409 2527 ein
432 2499 501 2537 Tag
530 2499 584 2528 der
607 2499 804 2537 Schopt'ung,
837 2500 907 2528 eine
940 2502 1046 2535 „aetas
1073 2498 1211 2529 saeculi“
1237 2500 1300 2528 und
1327 2501 1378 2527 ein
1404 2500 1529 2527 Donum

101 2538 243 2576 Spiritus
260 2541 361 2568 sancti
378 2549 458 2577 resp.
472 2540 528 2569 das
541 2550 640 2578 ganze
656 2544 838 2578 „septenum
852 2538 1055 2578 ch[a]risma“
1069 2541 1129 2569 den
1142 2541 1355 2570 Vorxvurfder
1367 2540 1530 2576 Dichtung

103 2579 213 2608 bildet
246 2581 284 2608 In
299 2582 354 2610 der
367 2579 478 2617 Quelle
495 2582 566 2610 sind
582 2582 632 2611 die
649 2582 721 2610 aoht
734 2583 786 2618 Η)
790 2591 882 2610 nmen
898 2582 987 2610 nicht
999 2582 1046 2610 als
1058 2586 1204 2620 genennt
1216 2582 1391 2611 meiklich
1384 2580 1530 2619 gemacht

103 2620 168 2648 und
182 2620 233 2649 die
245 2621 423 2660 Doxologie
436 2623 520 2651 steht
532 2633 591 2651 nur
603 2633 653 2652 am
667 2623 826 2652 Schlusse
840 2639 875 2642 —
890 2623 954 2651 Ein
966 2623 1135 2661 Vergleich
1149 2624 1251 2652 dieses
1265 2625 1316 2660 H)
1321 2622 1529 2659 mnenzyklus

106 2661 165 2690 mit
179 2660 282 2692 ienem
295 2672 350 2692 zur
362 2664 484 2701 Vesper
496 2673 536 2692 an
549 2664 608 2692 den
620 2674 688 2702 geu
691 2664 860 2692 ὅῙωΙὶοΙιειι
873 2666 912 2692 W
917 2664 1111 2703 ochentagen
1123 2665 1188 2701 (Nr.
1202 2663 1296 2693 1:134—
1296 2663 1336 2700 19)
1348 2664 1425 2701 liegt
1437 2662 1531 2691 nahe.
