1652 2872
199 149 240 178 11.
263 150 312 179 De
340 148 477 178 Sanctis.
500 166 540 169 -—
563 150 596 177 B.
621 148 739 185 Hymni
763 146 801 175 de
825 147 950 176 Sanctis
974 147 1109 185 Propi-ii.
1146 149 1190 177 De
1216 149 1362 177 omnihus
1386 149 1521 178 Sanctis.
1552 147 1622 183 155

204 256 238 288 3.
281 254 330 287 Te
360 254 485 287 devota
513 254 625 286 mente
653 260 790 292 semper

335 308 518 339 exorantes
545 303 726 348 psallimus

282 357 512 399 Imploramus
539 365 581 389 ac
608 353 791 396 benignam

332 418 394 442 nos
422 411 514 441 tuam
544 405 772 448 clementiam,

204 511 239 545 4.
282 511 367 554 Quo,
397 512 570 543 scrutator
599 507 714 542 cordis
743 507 817 552 alti,

334 571 460 604 purges
487 570 588 594 omne
615 559 771 594 abditum

283 613 424 656 Nosque
451 616 563 646 tecum
591 611 628 645 in
655 611 813 654 polorum

333 674 432 699 sacra
459 664 542 698 sede
572 663 731 697 colloces.

205 771 240 804 5.
284 768 371 810 Hoc,
400 768 526 810 Maria,
558 768 655 810 virgo
683 771 813 813 sancta,

333 824 371 853 ut
400 820 564 865 preceris,
595 820 771 862 supplices

281 872 474 906 Exoramus
503 875 548 915 te,
580 872 727 914 benigna

333 928 445 958 mater
471 923 602 959 Christi
627 924 759 959 inclita.

949 253 982 286 6.

956 518 984 542 l.

950 770 984 804 8.

1027 252 1152 286 Coetus
1181 253 1291 286 omnis
1319 263 1337 286 e
1366 252 1526 296 supernis

1078 314 1138 337 nos
1167 309 1357 344 conservet,
1388 307 1558 350 protegat,

1027 354 1158 388 Vinclis
1185 356 1306 399 culpae
1334 357 1445 390 solvat
1472 359 1573 398 atque

1081 407 1181 440 aulae
1209 408 1295 441 caeli
1324 408 1487 452 claviger.

1028 508 1079 543 Sit
1106 509 1267 551 perennis
1296 510 1371 544 laus
1399 510 1535 554 parenti

1079 560 1151 593 eius
1180 564 1283 603 atque
1310 562 1430 596 inclito

1027 611 1118 646 Nato
1147 622 1283 654 semper
1311 623 1385 646 cuni
1415 613 1514 647 beato

1079 664 1203 706 spiritu
1231 665 1412 706 paraclito,

1027 768 1103 802 Rex
1136 768 1309 813 perennis,
1340 771 1453 802 rector
1481 768 1585 810 orbis,

1080 823 1232 854 nostram
1261 829 1362 854 serva
1389 820 1575 854 turmulam

1028 872 1148 914 Tuque
1177 872 1326 906 clemens
1354 882 1395 906 ac
1423 871 1570 914 benigne

1082 934 1143 957 nos
1172 928 1268 958 tuere
1295 924 1477 967 perpetim.

287 1016 350 1045 Rit.
378 1018 409 1044 et
432 1017 548 1054 Hymu.
574 1026 630 1044 ms,
655 1015 900 1045 Scheftlariense
924 1025 1006 1045 saec.
1032 1013 1078 1044 10.
1123 1016 1201 1045 Clm.
1226 1016 1382 1044 Monacen
1418 1012 1533 1044 17027.
1561 1015 1631 1044 add.

205 1067 286 1087 saec.
312 1056 358 1087 10.
382 1066 429 1086 ex.
454 1058 489 1086 A.
514 1074 552 1077 —
575 1058 670 1094 Trop.
695 1068 750 1086 ms.
774 1058 1010 1087 Cremifanense
1035 1066 1116 1086 saec.
1142 1055 1188 1086 12.
1229 1057 1304 1086 Cod.
1330 1056 1538 1086 Cremifanen.
1562 1055 1630 1085 309.

205 1101 240 1128 B.
264 1115 302 1120 ·-—
327 1097 357 1134 2,
384 1096 403 1128 3
426 1102 523 1128 temet
545 1098 756 1137 supplicantis
781 1099 816 1127 B.
839 1114 879 1118 —
902 1097 930 1131 5,
954 1097 973 1127 2
995 1099 1038 1128 Et
1058 1099 1092 1127 B.
1118 1116 1156 1119 —
1180 1097 1208 1133 5,
1232 1097 1250 1127 3
1273 1098 1451 1127 Exorantes
1475 1099 1509 1127 Β.
1532 1115 1571 1118 -
1595 1099 1633 1127 In

204 1141 231 1169 B
255 1142 297 1170 ist
319 1141 374 1170 der
389 1141 563 1170 Rundreim
577 1141 629 1178 (R)
642 1140 731 1180 *nach
743 1140 833 1178 jeder
849 1140 985 1178 Strophe
1001 1139 1196 1169 wiederholt.
1234 1141 1346 1169 Dieser
1363 1139 1520 1170 Urnstand
1536 1141 1633 1168 sowie

206 1182 261 1211 der
289 1183 435 1211 Versbau
461 1183 526 1211 und
555 1182 606 1211 die
634 1181 835 1211 Uberschrift
863 1183 896 1210 in
922 1182 948 1210 B
969 1182 1039 1219 („In
1066 1182 1187 1210 letania
1217 1180 1408 1218 maiora(!J“)
1436 1181 1543 1210 lassen
1573 1181 1633 1210 den

206 1224 354 1260 Hymnus
381 1224 428 1253 als
452 1225 545 1253 einen
568 1221 932 1261 Prosessz‘onshgmznus
955 1223 1126 1253 erkennen.
1147 1239 1187 1242 —
1210 1223 1391 1252 Ausfallend
1416 1224 1464 1258 ist,
1488 1223 1557 1251 dass
1581 1223 1637 1251 auf

206 1265 257 1294 die
279 1266 459 1304 Doxologie
482 1265 563 1295 noch
587 1266 656 1294 eine
681 1264 816 1303 Strophe
839 1265 927 1303 folgt.

663 1408 736 1441 133,
781 1408 822 1439 In
857 1407 986 1442 Omnes
1021 1407 1191 1440 Sanctos.

736 1463 907 1491 Letania
934 1463 1106 1491 metrica.

339 1548 462 1590 Kyrie,
493 1551 612 1582 sancte
640 1550 751 1590 pater,
781 1546 880 1580 nobis
909 1547 1084 1589 miserere,
1115 1556 1309 1589 precamur,

365 1599 513 1642 Christe,
542 1600 616 1633 Deo
645 1602 757 1636 natus,
787 1603 824 1632 tu
852 1599 1017 1632 miserere
1045 1599 1134 1641 pius,

339 1651 490 1694 Spiritus
518 1651 706 1695 amborum,
739 1650 923 1684 concordia
954 1660 1084 1694 parque
1113 1651 1284 1695 voluntas,

391 1704 442 1738 Te
469 1704 608 1747 nostris,
637 1703 797 1747 petimus,
825 1703 938 1736 insere
967 1702 1180 1745 pectoribus.

290 1757 310 1789 5
340 1755 506 1789 Personis
534 1755 658 1798 trinus,
687 1755 835 1796 simplex
865 1755 995 1788 deitate
1023 1755 1198 1798 perennis,

418 1807 516 1852 Esto,
545 1807 651 1850 Deus,
680 1806 780 1840 nobis
809 1806 980 1849 propitius
1010 1806 1156 1843 miseris,

342 1859 449 1901 Virgo
477 1859 603 1901 Maria,
632 1858 700 1891 tuis
728 1858 890 1901 precibus
919 1868 1081 1892 succurre
1109 1858 1253 1892 misellis

395 1910 503 1944 Nobis
533 1914 565 1944 et
595 1910 726 1943 cunctis
756 1910 964 1944 christicolis
994 1911 1143 1954 populis

341 1962 501 2005 Angelici
534 1972 709 2006 proceres,
739 1962 891 1996 Michael
921 1962 1131 2005 Gabrielque
1160 1963 1285 2006 iugatis

268 2015 313 2048 10
395 2015 478 2049 Cum
508 2014 665 2057 Raphael
694 2014 827 2047 meritis
855 2024 917 2048 nos
946 2014 1075 2048 sociate
1102 2014 1202 2057 polis,

343 2066 498 2099 Virtutes
526 2065 711 2100 Dominum
741 2066 923 2100 laudantes
952 2066 1093 2100 vocibus
1122 2067 1233 2112 almis,

394 2118 572 2152 Poscimus
600 2122 631 2151 et
661 2117 761 2152 nobis
789 2116 878 2151 ferte
906 2118 1065 2152 iuvamen
1094 2118 1181 2161 opis,

339 2171 562 2215 Quaesumus,
593 2179 612 2203 o
640 2170 754 2203 sancti
781 2170 1014 2214 patriarchae,
1044 2180 1171 2212 vosque
1200 2170 1404 2214 prophetae,

396 2221 564 2255 Natorum
593 2231 673 2256 caro
701 2221 832 2265 iungite
861 2232 922 2256 nos
950 2232 1104 2257 numero.

270 2274 314 2308 15
343 2273 463 2316 Tuque
489 2273 551 2320 pia
578 2282 682 2316 prece
709 2284 783 2319 nos,
810 2274 970 2316 petimus,
1000 2274 1161 2316 Baptista
1191 2274 1375 2315 Iohannes,

399 2321 485 2370 [Fac
513 2335 574 2359 nos
602 2335 622 2358 a
649 2324 830 2370 gravibus]
859 2325 953 2359 ablui
981 2326 1195 2360 criminibus.

345 2376 452 2410 Petre
480 2386 556 2410 cum
585 2376 704 2418 Paulo,
734 2377 890 2420 Andrea,
919 2377 1112 2420 Iacoboque
1142 2378 1304 2423 Iohanne,

400 2425 607 2474 [Auxilium]
639 2428 795 2462 tribuens
824 2438 961 2470 semper
988 2428 1115 2471 ubique
1142 2429 1249 2465 iuves,

350 2480 475 2514 Coetus
503 2480 712 2522 apostolicus
740 2477 1009 2527 Dominum[que
1037 2478 1198 2527 sequens]
1229 2481 1353 2514 chorus
1382 2479 1503 2521 omnis,

274 2530 322 2565 20
404 2528 577 2576 [Festina]
605 2531 746 2573 laqueos
774 2532 910 2565 solvere
938 2530 1146 2567 mortiferos.

351 2581 612 2627 [Protomartyr
640 2580 801 2629 celebris]
833 2583 1017 2626 Stephane,
1049 2584 1216 2627 Clemens,
1246 2583 1402 2625 Dionysi,

402 2634 581 2668 Auxilium
608 2634 706 2667 nobis
736 2633 827 2668 ferte
855 2635 922 2677 piis
950 2635 1095 2670 meritis,
